2975 4967
564 241 694 326 568.
1521 241 1836 308 INDEX

566 414 748 495 nulli,
775 425 1193 502 praeterquam
1225 411 1364 494 sibi,
1394 413 1626 479 referre
1652 413 1842 481 debet
1881 434 1904 477 1
1917 433 2021 492 22,
2049 433 2106 478 2.
2198 412 2322 479 ὅσον
2357 419 2419 478 αἱ
2449 418 2643 501 χεῖρες
2671 424 2780 480 τοῦ

566 503 784 589 σιδῆςου
812 500 1127 588 οἰκειότεραι
1156 501 1333 588 τούτῳ
1370 501 1499 565 εἰσί.
1566 522 1698 588 quo
1725 500 2018 589 propiore
2047 499 2500 566 necessitudine
2539 523 2782 571 manus

565 611 712 654 cum
751 609 830 650 ‘eo
874 610 1004 650 suae
1046 587 1395 673 conjuncta:
1446 599 1614 666 sunt,
1692 611 1832 651 uam
1871 587 2137 666 ferrum,
2165 589 2418 669 (manus
2445 599 2592 652 sunt
2618 611 2778 676 pars

564 673 839 762 corporis
866 673 1024 760 ejus,
1055 672 1225 758 quod
1270 671 1562 736 manibus
1603 695 1642 736 a
1728 673 2098 738 caedendum
2143 673 2366 751 utitur,
2397 673 2632 738 ferrum
2671 689 2776 740 est

564 759 1041 844 adventicium.)
1072 773 1137 822 et
1164 782 1295 846 quo
1321 757 1593 822 habilius
1619 759 1888 846 quisque
1923 782 2146 824 manus
2173 758 2432 846 agitare,
2461 759 2771 826 validius—

564 868 690 934 que
722 845 1067 956 impingere
1106 845 1292 922 norit,
1322 867 1516 932 quam
1559 845 1822 926 ferrum,
1855 846 1974 910 hoc
2015 845 2452 932 magis—127,
2485 849 2590 912 28.
2681 854 2768 911 οἰ-

564 939 703 999 κεῖον
732 935 795 997 τὸ
824 934 1137 1016 ἁμαρτημα
1173 936 1253 1017 τῷ
1285 929 1514 1018 ἄρξαντι
1559 939 1806 1012 μᾶλλον,
1839 931 1869 1009 ἢ
1901 939 1981 1018 τῷ
2009 930 2352 1018 ἀμυνομένῳ.
2397 932 2626 998 residet
2653 956 2768 1022 pe-

560 1041 671 1084 nes
699 1042 842 1083 eum
866 1017 1089 1104 magiS,
1120 1017 1289 1081 domi
1320 1017 1457 1104 ejus
1484 1016 1728 1082 habitat
1761 1019 1906 1095 128,
1931 1017 2322 1104 30.=vo'w·rs;
2351 1017 2611 1101 ἄνθρωποι
2632 1025 2766 1096 τοὺς

560 1104 782 1180 οἰκείους
810 1105 931 1189 περὶ
953 1101 1195 1177 πλείονος
1223 1111 1331 1166 τῶν
1360 1102 1670 1188 ἀλλοτρίων
1699 1111 1973 1168 ποιοῦνται
2003 1105 2137 1166 An.
2168 1123 2276 1188 31,
2301 1108 2632 1187 7.εοίκεἰ”οι
2665 1105 2764 1170 fa-

558 1190 851 1268 miliares»,
879 1188 1222 1267 domestici,
1268 1200 1404 1252 tum
1448 1188 1812 1276 propinqui,
1857 1187 2184 1254 necessarii
2229 1189 2310 1254 L.
2341 1208 2447 1275 97,
2478 1211 2546 1277 3.
2605 1194 2760 1272 148,

558 1299 664 1364 31.
718 1292 863 1361 152,
894 1276 998 1360 38.
1087 1279 1163 1338 τοὶ
1193 1279 1367 1337 οἰκεῖα
1397 1279 1471 1338 τοὶ
1509 1282 1701 1338 ἑαυτοῦ
1741 1277 1934 1340 διέθετο
1974 1276 2264 1362 dispo-ved
2299 1278 2388 1362 Qf
2411 1277 2512 1340 7158
2548 1280 2762 1364 efflet-8

564 1383 710 1450 133,
744 1366 847 1429 26.
888 1363 1118 1425 TAYL.
1190 1362 1457 1440 διαβολὰς
1491 1365 1593 1434 τοὶς
1631 1366 1837 1425 ἑαυτῶν
1875 1362 2090 1447 τρόποις
2135 1361 2336 1436 οἰκείας
2381 1364 2476 1426 καὶ
2521 1365 2758 1440 συνῆθεις

564 1470 591 1513 1
608 1463 713 1535 15,
742 1469 850 1534 39.
920 1447 1147 1529 νομίζων
1174 1444 1478 1532 αἴσχιστον
1510 1444 1642 1510 εἰναι
1671 1449 1800 1532 πρὸς
1827 1449 1952 1522 τοὺς
1983 1446 2205 1520 οἰκείους
2226 1447 2568 1533 διαφέρεσθαι
2600 1450 2754 1532 892,

554 1555 619 1620 3.
694 1533 893 1617 νομίζει
936 1534 1057 1607 τοὺς
1104 1531 1323 1606 οἰκείους
1372 1530 1596 1618 ἔχθρους
1629 1532 1706 1596 fr.
1741 1533 2018 1618 58.=·r02
2047 1538 2224 1597 οἰκεῖα
2250 1539 2346 1611 τῆς
2375 1534 2584 1616 φύσεως
2615 1535 2750 1622 Ly.

562 1623 684 1685 166
790 1640 847 1685 1.

642 1641 925 1804 οἷ’κὲιὸτης]
977 1709 1040 1768 οὐ
1082 1709 1198 1790 γὰρ
1243 1708 1317 1767 τοὶ
1359 1705 1583 1792 ῥῆματα
1630 1710 1732 1780 τοὶς
1775 1704 2108 1782 οἰκειότητας
2153 1707 2248 1784 ἔφη
2291 1708 2572 1786 βεβαιοῦν.
2621 1728 2752 1771 non

554 1793 747 1859 verba
766 1805 947 1857 cerus
973 1805 1037 1855 et
1059 1791 1251 1856 firmis
1280 1794 1664 1890 argumentis
1691 1790 1977 1856 caritates
2003 1791 2372 1879 approbare.
2411 1791 2602 1856 verba
2621 1815 2753 1858 non

554 1901 686 1944 esse
715 1893 899 1944 testes
926 1876 1173 1941 mentiri
1202 1900 1438 1942 nescios
1464 1877 1883 1942 voluntatum.
1929 1877 2064 1942 that
2091 1879 2218 1942 this
2245 1901 2320 1943 or
2347 1879 2484 1943 that
2507 1899 2754 1965 person

554 1967 614 2030 0⁶3
640 1966 837 2030 called
862 1986 968 2049 my
988 1964 1259 2042 brother,
1282 1987 1389 2050 my
1410 1965 1924 2039 brother-inlato,
1955 1964 2321 2049 myflztlaer,
2345 1965 2406 2028 is
2430 1985 2514 2028 no
2529 1967 2750 2051 prooj}

553 2075 637 2116 no
664 2051 841 2116 valid
859 2050 1109 2138 pledge,
1142 2050 1276 2114 that
1302 2050 1378 2113 he
1406 2051 1465 2114 ‘128
1495 2050 1628 2114 also
1655 2049 2009 2136 myffiend
2040 2066 2190 2135 237,
2228 2069 2328 2114 11.
2401 2049 2655 2114 libertas
2685 2067 2754 2116 et

552 2137 708 2202 fides
734 2137 800 2200 in
827 2135 1144 2222 loquendo
1178 2152 1369 2222 atque
1405 2135 1738 2214 monendo,
1777 2135 2080 2215 docendo,
2115 2135 2520 2215 cohortando,
2546 2137 2748 2200 corri-

550 2222 781 2310 gendo,
810 2246 955 2309 quae
982 2221 1257 2286 cernitur
1283 2222 1347 2284 in
1368 2220 1786 2286 familiaritate
1814 2237 1963 2307 773,
2002 2241 2102 2306 15.
2189 2222 2512 2300 οἰκειότητος
2539 2223 2747 2300 ταύτης

551 2308 982 2396 προσγενομένης
1015 2307 1163 2388 814,
1198 2325 1301 2391 27.
1389 2307 1571 2371 οὐκέτι
1612 2313 1706 2386 τὴν
1744 2313 1896 2370 κατὰ
1927 2308 2048 2381 τοὺς
2079 2306 2267 2389 νόμους
2297 2309 2605 2386 οἰκειότητα
2635 2309 2752 2371 ἴλι-

550 2421 645 2459 πεν
678 2400 853 2480 ἑαυτῷ
888 2393 1073 2472 1088,
1112 2411 1206 2478 15.
1297 2397 1391 2472 τὴν
1420 2398 1536 2481 γὰρ
1564 2399 1659 2470 τῆς
1691 2392 1880 2467 οὐσίας
1921 2391 2252 2470 οἰκειότητα,
2283 2397 2344 2456 οὗ
2369 2397 2467 2470 τὴν
2500 2401 2610 2456 τῶν
2643 2397 2747 2456 ἆν-

551 2484 583 2544 δ
613 2488 684 2545 οῦν
711 2489 820 2544 τῶν
846 2479 1243 2561 ποιησαμένων,
1274 2481 1570 2563 ὃιετῆρεις.’
1591 2502 1846 2566 operam
1875 2478 2090 2557 dabaS,
2123 2497 2197 2544 ut
2223 2478 2590 2543 substantiae
2655 2480 2751 2542 ui-

598 2589 718 2647 em,
746 2589 869 2630 non
897 2577 1105 2628 autem
1136 2588 1375 2641 eorum,
1406 2564 1519 2651 qui
1551 2589 1659 2630 vos
1699 2565 2116 2652 adoptassent,
2149 2565 2525 2629 necessarius
2555 2501 2752 2629 haim-

550 2675 707 2717 rere.
738 2652 805 2715 h.
832 2676 888 2716 e.
920 2649 1119 2738 pluris
1146 2650 1433 2729 faciebaS,
1466 2666 1530 2716 te
1557 2665 1908 2738 compotem
1944 2649 2324 2716 haereditatis
2352 2674 2482 2714 esse
2511 2651 2595 2714 ab
2623 2651 2750 2716 illis

550 2739 803 2816 relictae,
855 2759 1044 2824 quam
1098 2736 1564 2802 necessitudinis
1611 2739 1761 2824 jura
1809 2737 2137 2802 observare
2200 2737 2387 2815 1088,
2433 2741 2750 2802 22:068}

553 2831 706 2888 κατὰ
743 2825 806 2886 τὸ
847 2823 1154 2908 ἐλάχιστον
1198 2824 1359 2907 μέρος
1402 2829 1496 2899 τῆς
1541 2825 1856 2902 οἰκειότητος
1897 2822 2050 2887 ἐλέου
2087 2821 2286 2910 ἔτυχον
2319 2824 2376 2887 I.
2405 2837 2515 2906 51,
2549 2841 2735 2888 22.=

549 2909 745 2994 ἄνδρας
774 2910 1011 2994 ἀγαθοὺς
1035 2913 1086 2970 ἔν
1114 2912 1225 2983 τοῖς
1250 2909 1508 2983 τοιούτοις
1537 2911 1796 2972 δεικνύναι
1821 2913 1918 2982 τοὶς
1953 2908 2283 2985 οἰκειότητας
2313 2910 2582 2983 ἀλλήλοις
2607 2911 2744 2974 An.

556 3011 658 3079 15,
688 2992 1290 3077 40.=necessitud0,
1323 3008 1397 3058 ut
1425 2994 1700 3058 reddidit
1739 2992 1976 3144 ΤὛῙοι·
2007 2995 2072 3057 in
2115 2994 2339 3072 indice,
2367 2993 2465 3059 vel
2503 2995 2742 3081 potius,

549 3103 737 3145 causa
763 3079 1241 3145 familiaritatem
1279 3079 1567 3158 efficiens,
1598 3081 1838 3146 benevo
1859 3080 2087 3144 entiam
2119 3093 2182 3144 et
2211 3079 2501 3144 fiduciam
2529 3081 2746 3144 animo

548 3167 837 3254 ingerens
876 3167 959 3230 L.
990 3186 1097 3253 92,
1134 3186 1232 3232 21.
1322 3171 1509 3251 ἠγεῖτο
1547 3171 1642 3244 τὴν
1687 3172 1818 3249 ἐμὴν
1867 3167 2174 3244 οἰκειότητα
2223 3167 2565 3243 πιστοτάτην
2607 3167 2742 3232 εἰναι

547 3251 625 3317 fr.
654 3256 765 3334 46,
794 3273 855 3332 4.
945 3251 1233 3327 συνουσίας
1263 3253 1568 3331 οἰκειότητα
1598 3253 1913 3340 ap.‘Suid.
1945 3253 2009 3317 in
2038 3259 2248 3333 φαῦλον
2279 3252 2440 3339 εἰρητ.

634 3341 881 3424 οἰκειοῦν]
918 3337 946 3402 ὃ
972 3339 1131 3420 μόνον
1160 3338 1316 3418 ἔθνος,
1348 3343 1457 3423 οὐχ
1488 3337 1714 3417 ἅπασιν,
1747 3342 1906 3404 ἀλλὰ
1935 3341 2046 3412 τοῖς
2085 3343 2278 3414 καλοῖς
2323 3339 2416 3402 καὶ
2461 3336 2742 3426 σώφροσιν

546 3428 872 3491 οἰκειοῦσθαι
895 3425 1127 3504 πέφυκεν
1165 3444 1350 3505 1402,
1382 3443 1485 3490 22.

632 3512 861 3596 οἰκείως]
909 3516 1035 3589 ἡμῖν
1079 3513 1133 3574 δὲ
1175 3511 1395 3575 πάντων
1438 3515 1640 3596 ἐχρῆτο
1685 3510 2000 3574 οἰκειότατα
2046 3512 2101 3575 I.
2143 3513 2232 3594 [9,
2256 3511 2359 3595 38.
2413 3513 2516 3587 16,
2547 3514 2728 3620 4ῑ]ε

544 3597 859 3662 οἰκειότατα
884 3597 1101 3660 πάντων
1130 3597 1417 3678 ἀνθρώπων
1445 3597 1738 3682 ἐχρώμεθα
1768 3595 1850 3659 L.
1881 3619 1986 3684 ap.
2020 3596 2316 3660 Priscian.
2348 3595 2392 3660 l.
2423 3597 2524 3660 18.
2567 3622 2742 3672 ουτως

545 3681 749 3755 οἰκείως
779 3685 971 3756 αὐτοὺς
1002 3684 1357 3763 ὑπεδεξάμην.
1399 3707 1504 3771 ap.
1537 3683 1730 3747 Dion.
1765 3683 1970 3746 Halic.
1998 3683 2062 3745 in
2095 3684 2280 3746 Isaeo.

632 3767 863 3852 οἰκέτης]
916 3767 1123 3830 οἰκέτου
1166 3770 1347 3846 τάξιν,
1381 3773 1477 3832 οὐκ
1518 3769 1792 3855 ἐλευθέρου
1831 3771 2016 3843 παιδὸς
2055 3769 2202 3854 ἔχων
2243 3787 2396 3854 303,
2433 3789 2533 3854 13.
2623 3777 2740 3844 πῶς

544 3857 661 3938 γὰρ
690 3851 897 3916 δίκαιον
924 3856 977 3913 ἐν
1016 3855 1225 3916 οἰκέτου
1265 3853 1488 3933 σώματι
1529 3853 1559 3931 ἢ
1597 3855 1686 3917 δύο
1725 3853 2034 3936 ὠφληκέναι
2071 3855 2356 3932 τάλαντα,
2384 3853 2415 3932 ἢ
2443 3857 2538 3916 τὸν
2567 3879 2742 3918 συκο-

545 3945 851 4018 φαντοῦντα
878 3939 1043 4020 μηδὲν
1083 3942 1399 4018 ζημιοῦσθαι
1439 3941 1588 4024 978,
1627 3954 1727 4024 15.
1815 3939 1902 4012 τίς
1929 3941 1973 4000 δ’
2003 3939 2070 4003 οἲν
2097 3939 2278 4026 οἰκέτῃ
2305 3943 2740 4027 παραχωρῆσειε

542 4024 770 4100 πολίτης
816 4032 923 4088 τῶν
968 4029 1161 4087 ἑαυτοῦ
1204 4025 1353 4106 981,
1392 4045 1492 4090 11.
1583 4027 1788 4102 οἰκέτης
1831 4031 1979 4104 ὑμῶν
2010 4030 2054 4088 εἰ
2081 4023 2163 4102 ἦν,
2193 4028 2253 4088 οὐ
2281 4025 2510 4100 πολίτης
2544 4027 2738 4106 1048,

540 4109 661 4173 ult.
704 4111 913 4186 οἰκέτην
946 4111 1193 4173 ’διάκονον
1232 4111 1440 4195 τρέφειν
1492 4127 1681 4197 1359,
1725 4109 2160 4190 11.πὸημὸσιος
2197 4111 2488 4195 ἄνθρακος,
2523 4113 2740 4190 οἰκέτης

540 4201 635 4271 τῆς
664 4195 869 4270 πόλεως
897 4195 1003 4259 AE.
1040 4197 1099 4272 8,
1136 4209 1235 4276 27.
1326 4198 1542 4272 οἰκέτας
1579 4196 1929 4282 δημιουργοὺς
1967 4202 2060 4272 τῆς
2098 4202 2503 4278 σκυτοτομικῆς
2531 4196 2740 4282 τέχνης

546 4298 647 4360 14,
685 4301 742 4343 1.
832 4285 1039 4362 ἐμφανῆ
1076 4287 1151 4345 τοὶ
1188 4281 1434 4363 σώματα
1472 4293 1581 4348 τῶν
1627 4288 1845 4346 οἰκετῶν
1887 4281 2241 4367 παρασχέτω
2276 4301 2376 4362 14,
2413 4284 2510 4346 18.
2605 4290 2740 4348 ὑπο-

540 4367 902 4450 κηρυξάμενοί
940 4391 1077 4441 τινες
1117 4367 1237 4441 τοὺς
1278 4374 1484 4432 ἑαυτῶν
1529 4369 1744 4442 οἰκέτας
1788 4366 2026 4448 ἀφίεσαν
2070 4367 2454 4452 ἀπελευθέρους
2479 4383 2590 4453 59,
2631 4387 2736 4456 25.

538 4457 919 4538 ἀπελευθεροῦν
947 4453 1157 4532 οἰκέτην
1188 4454 1392 4536 μηδένα
1429 4458 1483 4519 ἐν
1515 4459 1596 4541 τῷ
1634 4455 1840 4540 θεάτρῳ
1876 4466 1984 4542 59,
2015 4451 2332 4542 penult.=
2343 4455 2484 4534 μήτε
2513 4463 2733 4549 φίλους,
