2975 4967
580 266 712 337 470
1537 252 1851 319 INDEX

676 424 1043 512 καταπαῦειν]
1099 428 1178 490 τὰ
1229 428 1282 489 ὃν
1325 428 1440 500 τοῖς
1482 424 1747 509 σώμασιν
1796 420 2219 509 ἅρρινστῆματα
2266 424 2391 495 ταῖς
2434 430 2541 488 τῶν
2586 429 2791 508 ἔατρῶν

586 510 818 599 τὸχναις
847 510 1238 576 καταπαύεται
1269 510 1418 589 808,
1457 530 1557 592 14.

675 597 1129 685 καταπειράξειν]
1175 600 1270 675 τὴν
1307 595 1575 683 ὑμετέραν
1610 597 1789 678 ψῆφον
1828 593 2331 681 καταπειράσοντες
2370 594 2793 673 εἰσεληλύθασιν

587 686 664 757 εἰς
692 684 758 747 τὸ
789 684 1138 770 δικαστῆριον
1169 684 1248 747 L.
1288 684 1436 762 186,
1470 683 1579 748 28.
2200 730 2205 736 -

675 770 1061 849 καταπέμπειν
1104 772 1319 854 λῃστὰς
1360 768 1426 833 in
1469 788 1641 831 mare
1682 765 1919 855 piratas
1956 764 2241 830 emittere
2276 766 2421 844 162,
2464 786 2794 831 ιΙ.-·--κατ-

589 852 808 936 έπεμψε
833 859 914 941 τῷ·
943 855 1095 941 δήμῳ
1123 853 1468 941 (allegavit,
1495 853 1683 932 misit,
1714 874 1795 917 ex
1817 851 1978 917 Asia
2004 875 2077 916 su
2160 851 2335 937 riori)
2368 856 2663 929 ἐπιστολὴν
2692 854 2791 917 καὶ

587 940 759 1023 μάλα
801 943 1119 1027 ὑβριστικὴν
1161 942 1260 1004 καὶ
1299 940 1382 1019 βᾶ
1414 944 1591 1028 βαςον
1635 940 1745 1003 AE.
1778 940 1886 1021 87,
1924 960 2094 1025 penu
2120 951 2163 1002 t.
2253 938 2585 1020 κατέπεμψε
2634 962 2673 1001 τ
2708 939 2796 1003 ιίιρ

589 1050 760 1089 κοντα
786 1026 1048 1089 τάλαντα
1073 1030 1152 1112 τῷ
1183 1026 1333 1113 δήμῳ
1363 966 1470 1107 88,
1495 1046 1735 1111 3.=ex
1762 1023 1923 1089 Asia
1950 1022 2251 1111 superiori
2276 1024 2567 1089 Athenas
2594 1047 2675 1089 ve
2726 1022 2793 1087 in

591 1110 902 1177 Graeciam
933 1110 1181 1177 mittere
1208 1112 1298 1176 D.
1333 1114 1438 1195 98,
1468 1129 1575 1192 42.

677 1198 1237 1283 καταπεφρονηκότως
1269 1215 1342 1264 21
1398 1243 1418 1276 ,
1453 1212 1554 1282 25.

679 1282 996 1347 καταπίνειν
1039 1286 1132 1359 τὴν
1175 1308 1324 1367 πατρ
1371 1308 1438 1346 αν
1481 1282 1695 1362 οὐσίαν,
1748 1281 2050 1371 potando,
2094 1282 2195 1346 vel
2246 1282 2497 1370 raptim,
2544 1283 2795 1370 magnis

589 1367 920 1435 haustibus
947 1368 1393 1455 patrimonium
1423 1367 1781 1455 disperdere
1810 1368 1921 1433 AE.
1957 1387 2059 1453 13,
2088 1388 2196 1454 39.
2294 1390 2395 1433 uae
2423 1368 2619 1433 dictio
2644 1392 2793 1433 oum

589 1468 752 1520 esset
779 1454 970 1541 paulo
990 1453 1376 1535 insolentior,
1412 1456 1587 1538 (nam
1617 1454 1939 1519 καταπίνειν
1970 1467 2219 1517 tantum
2306 1478 2343 1519 e
2386 1454 2575 1519 rebus
2616 1478 2798 1519 escu-

589 1539 778 1691 iienu's
805 1546 1176 1630 usurpatur)
1222 1540 1366 1624 ideo
1406 1539 1607 1621 addit,
1643 1550 1689 1605 εί
1732 1540 1838 1605 οἶόν
1878 1565 1943 1602 τε
1985 1543 2171 1618 εἰπεῖν,
2200 1540 2251 1604 si
2294 1540 2415 1607 hoc
2456 1540 2553 1605 uti
2596 1541 2797 1606 verbo

637 1639 758 1691 cet.

681 1711 1079 1801 καταπίπτειν]
1127 1712 1629 1787 καταπεπτωκυίας
1669 1711 1843 1785 οἰκίας
1881 1714 2017 1775 An.
2053 1730 2155 1791 14,
2186 1712 2619 1795 37.ππληγεὶς
2656 1738 2800 1777 κατ-

585 1796 782 1863 έπεσεν
811 1800 955 1873 εὐθὺς
985 1800 1072 1863 L.
1103 1818 1210 1883 94,
1251 1798 1350 1863 18.

680 1888 991 1949 καταπλεῖν
1033 1892 1107 1959 είς
1148 1887 1242 1947 τὸν
1287 1890 1534 1970 Πειραιᾶ
1572 1884 1729 1970 569,
1755 1898 1825 1969 5.
1914 1882 2053 1957 ὅπως
2083 1889 2113 1959 ἦ
2142 1889 2270 1957 ναῦς
2310 1886 2797 1947 καταπλευσεῒται

592 1970 744 2052 δεῦρο
777 1970 927 2053 885,
957 1989 1018 2051 4.
1109 1970 1217 2035 ὅθεν
1245 1970 1540 2049 ὲξὸπλευσε
1569 1972 1634 2034 τὸ
1661 1974 1870 2047 πλοῖον,
1902 1970 2150 2033 ἐνταῦθα
2174 1970 2269 2031 καὶ
2312 1972 2625 2032 καταπλεῖν
2656 1970 2797 2032 αὐτὸ

594 2054 745 2134 886,
775 2074 842 2140 3.
933 2058 1105 2133 ἐπειδὴ
1125 2054 1391 2140 ,τάχιστα
1420 2056 1797 2120 κατέπλευσεν
1826 2058 1892 2117 ἐκ
1918 2060 2012 2131 τῆς
2042 2051 2313 2138 ναυαγίας
2341 2054 2603 2135 Ἀθήναζε
2638 2074 2796 2137 910,

591 2158 703 2207 20.
792 2144 866 2215 εἰς
907 2141 972 2204 τὸ
1016 2142 1271 2225 ὑμέτερον
1314 2140 1565 2224 ἐμπόριον
1600 2145 1660 2206 οὗ
1690 2140 2071 2204 καταπλέουσι
2103 2158 2253 2225 932,
2292 2158 2389 2223 13.
2476 2142 2797 2203 καταπλεῖν

591 2222 822 2309 με’λλων
853 2226 938 2288 ἐπὶ
977 2228 1072 2303 τὴν
1116 2226 1294 2310 κρίσιν
1335 2226 1527 2305 1188,
1565 2229 2039 2309 17.εκαταπλεί’
2078 2226 2225 2307 δεῦρο
2270 2226 2331 2303 ἐξ
2369 2224 2797 2302 Ἑλλησπόντου

589 2311 704 2377 AE.
740 2311 802 2389 8,
831 2311 1509 2396 34.=v·spmon20·o‘cpavol
1547 2338 1603 2375 τι
1648 2310 2108 2393 κατεπλεύσαμεν
2146 2313 2296 2394 δεῦρο
2338 2310 2397 2373 I.
2435 2310 2541 2394 [17
2550 2356 2573 2389 ,
2607 2312 2787 2395 7.]=

593 2395 660 2459 in
702 2418 861 2461 nave
886 2394 1144 2461 domum
1176 2396 1377 2461 redire
1405 2398 1539 2461 An.
1567 2416 1671 2476 21,
1700 2416 1805 2465 22.
1855 2414 1960 2475 22,
1994 2394 2565 2465 22.εκατε’πλευσεν
2593 2400 2673 2471 εἰς
2698 2400 2801 2475 τὴν

595 2488 792 2546 ἑαυτοῦ
819 2482 978 2545 πόλιν
1009 2482 1093 2545 L.
1129 2502 1208 2547 10
1253 2528 1272 2559 ,
1301 2502 1404 2568 30.

681 2570 986 2646 καταπλὴξ
1011 2567 1199 2632 formi
1244 2569 1344 2633 ine
1371 2566 1697 2655 perculsus
1734 2581 1800 2632 et
1836 2566 2115 2654 dejectus
2142 2566 2353 2632 animo
2380 2566 2467 2631 L.
2507 2583 2655 2649 107,
2686 2583 2798 2653 35.

593 2666 661 2717 et
681 2674 785 2739 ap.
817 2653 1134 2739 Harpocr.
2624 2700 2633 2707 -

684 2738 1135 2825 καταπλῆσσειν]
1185 2738 1372 2815 ἡλίκον
1401 2738 1787 2819 πλεονέκτημα
1816 2739 1893 2818 μὴ
1924 2740 2398 2824 καταπεπλῆχθαι
2427 2740 2517 2801 ὃιοὶ
2543 2742 2641 2802 τὸν
2670 2737 2800 2817 βίον

597 2837 749 2909 979,
777 2822 1072 2905 4..τοῦ’τω
1113 2827 1180 2910 τῇ
1223 2830 1320 2887 τοῦ
1363 2852 1406 2887 π
1453 2823 1701 2909 ’γματος
1732 2822 1963 2910 ἀληθείᾳ
1990 2821 2415 2900 κατεπέπληκτο
2447 2824 2509 2887 I.
2542 2839 2651 2907 71,
2683 2844 2801 2909 39.

595 2909 968 2987 καταπλῆξας
995 2913 1122 2983 ταῖς
1159 2914 1327 2973 αὑτοῦ
1366 2850 1679 2997 βῖλυρίαις
1707 2923 1813 2995 73,
1844 2910 2103 2993 38..-τ.οὖ
2134 2910 2527 2993 καταπλαγεὶς
2555 2914 2655 2986 τὴν
2684 2919 2803 2973 τῶν

595 2994 1046 3075 Λακεδαιμονίων
1073 2994 1295 3077 δύναμιν
1323 2996 1408 3059 D.
1435 3014 1472 3078 9
1473 3008 1543 3078 5,
1574 3014 1675 3079 13.
1730 2998 1791 3059 οὔ
1814 2992 2241 3072 καταπληκτέον
2270 2993 2417 3059 ἔστί.
2448 3016 2579 3058 non
2608 3016 2803 3059 sensu

595 3078 823 3156 active,
849 3079 957 3144 sed
983 3079 1245 3166 passivo.
1277 3102 1426 3159 non,
1453 3102 1570 3166 pro
1598 3084 1659 3143 οὐ
1680 3080 1938 3163 προσήκει
1966 3082 2092 3162 ὑμῖν
2118 3078 2327 3154 ἄλλους
2356 3081 2803 3159 καταπλῆττειν,

597 3162 712 3230 sed
759 3166 846 3227 ὑπ’
897 3163 1089 3231 ἄλλων
1137 3166 1629 3243 καταπλήττεσθαι
1680 3186 1805 3229 uon
1852 3180 1949 3231 est
1990 3164 2187 3243 vobis,
2226 3165 2402 3252 quod
2446 3164 2807 3231 formidetis

605 3268 686 3315 10
728 3296 751 3330 ,
779 3271 826 3331 4
869 3297 886 3313 .

683 3264 1034 3423 gadium]
1074 3340 1246 3417 ἐπειδὴ
1279 3342 1304 3402 ὅ
1334 3340 1629 3415 Σικελικὸς
1658 3339 1981 3413 κατάπλους
2010 3339 2288 3425 ὗγίγνετο.
2330 3350 2405 3403 ut
2432 3336 2643 3404 classis
2664 3337 2807 3403 fru-

595 3421 901 3488 mentaria
927 3447 963 3487 e
995 3423 1202 3489 Sicilia
1229 3424 1519 3489 Athenas
1546 3424 1831 3511 pervenit
1865 3423 2053 3511 1285,
2087 3444 2187 3488 21.

685 3509 1084 3598 καταπλύνειν]
1131 3517 1218 3573 νῦν
1261 3512 1304 3574 δ’
1349 3512 1442 3588 ἤδη
1487 3510 1919 3575 καταπέπλυται
1958 3512 2023 3573 τὸ
2059 3516 2327 3597 πρᾶγμα,
2356 3531 2526 3575 nunc
2553 3508 2803 3575 redun-

581 3592 732 3672 dat,
759 3594 936 3659 velut
963 3608 1204 3661 torrens
1235 3596 1348 3659 ΑΒ.
1378 3613 1486 3679 79,
1520 3613 1623 3675 24.

685 3685 1096 3761 καταπολεμεῖν
1125 3680 1292 3747 bello
1319 3680 1609 3768 subigere
1638 3683 1773 3745 An.
1806 3699 1911 3765 25,
1943 3700 2043 3747 22.

686 3767 1220 3829 καταπολιτεόεσθαι
1235 3766 1458 3831 astutis
1474 3766 1745 3854 strophis
1758 3765 2207 3831 circumvenire
2228 3785 2484 3847 102,22.
2508 3785 2664 3849 442,
2690 3788 2765 3835 21
2784 3816 2803 3833 .

683 3852 1136 3937 καταπονεῖσθαι]
1187 3853 1280 3915 τὸν
1309 3854 1471 3931 δῆμον
1502 3853 2007 3931 καταπεπονημένον
2037 3853 2146 3917 AE.
2178 3872 2216 3960 3
2222 3872 2259 3937 3
2272 3900 2291 3929 ,
2326 3854 2387 3918 8.

683 3935 1126 4023 καταποντίζειν]
1165 3938 1569 4003 κατεπόντισαν
1596 3939 1841 4002 ἐπιδόντα
1861 3942 2351 4022 ἄποσφαττομενον
2378 3940 2472 4003 τὸν
2500 3939 2613 4001 viar
2640 3940 2804 4021 677,

597 4022 666 4087 6.
712 4020 865 4101 888,
903 4022 1458 4105 17...-..κατεπιίντισε
1491 4024 1615 4097 τοὺς
1644 4024 1833 4106 φίλους
1864 4024 1944 4088 L.
1982 4043 2127 4105 142,
2166 4024 2265 4088 16.

579 4154 590 4161 .
645 4109 1134 4255 langas-omem}
1173 4122 1239 4172 et
1275 4111 1481 4196 λῃσταὶ
1525 4108 1904 4197 copulantur
1946 4123 2021 4175 ut
2064 4109 2291 4175 similes
2332 4108 2495 4175 inter
2534 4132 2601 4174 se
2646 4112 2809 4195 673,

579 4213 644 4255 .u
670 4204 716 4257 t.
807 4210 912 4274 74,
943 4212 1010 4277 3.

627 4337 634 4345 .
687 4284 1060 4342 καταποντοῦν
1089 4282 1172 4343 Α.
1210 4298 1353 4365 132,
1385 4297 1491 4366 37.
1544 4300 1689 4367 134,
1728 4300 1823 4345 10.

685 4362 1096 4447 καταπράττειν
1123 4365 1403 4453 exsequi,
1429 4365 1679 4432 effectui
1716 4364 1884 4431 dare.
1935 4372 2017 4455 τῷ
2045 4366 2513 4453 καταπραχθῆναι
2543 4370 2621 4431 τὰ
2648 4392 2807 4455 γρα-

599 4446 778 4527 φέντα
807 4462 958 4534 254,
994 4469 1091 4537 13.
1157 4472 1238 4516 ex
1267 4450 1456 4517 animi
1483 4452 1581 4518 sui
1612 4452 1917 4520 sententia
1942 4452 2245 4521 conficere
2268 4471 2422 4542 309,
2452 4466 2516 4536 7.
