<?xml version="1.0" encoding="UTF-8"?>
<!DOCTYPE html PUBLIC "-//W3C//DTD XHTML 1.0 Transitional//EN"
    "http://www.w3.org/TR/xhtml1/DTD/xhtml1-transitional.dtd">
<html xmlns="http://www.w3.org/1999/xhtml" xml:lang="en" lang="en">
 <head>
  <title>
</title>
<meta http-equiv="Content-Type" content="text/html;charset=utf-8" />
  <meta name='ocr-system' content='tesseract 3.04.00' />
  <meta name='ocr-capabilities' content='ocr_page ocr_carea ocr_par ocr_line ocrx_word'/>
</head>
<body>
  <div class='ocr_page' id='page_1' title='image "./indicesgraecita02mitcgoog_0097.png"; bbox 0 0 2975 4967; ppageno 0'>
   <div class='ocr_carea' id='block_1_1' title="bbox 972 283 2386 376">
    <p class='ocr_par' dir='ltr' id='par_1_1' title="bbox 972 283 2386 376">
     <span class='ocr_line' id='line_1_1' title="bbox 972 283 2386 376; baseline -0.001 -22"><span class='ocrx_word' id='word_1_1' title='bbox 972 283 1626 354; x_wconf 77' lang='lat' dir='ltr'><strong>GRAECITA‘TIS.</strong></span> <span class='ocrx_word' id='word_1_2' title='bbox 2257 301 2386 376; x_wconf 77' lang='lat'><strong><em>513</em></strong></span> 
     </span>
    </p>
   </div>
   <div class='ocr_carea' id='block_1_2' title="bbox 183 457 2420 4588">
    <p class='ocr_par' dir='ltr' id='par_1_2' title="bbox 183 457 2392 808">
     <span class='ocr_line' id='line_1_2' title="bbox 270 457 2387 552; baseline -0.002 -24"><span class='ocrx_word' id='word_1_3' title='bbox 270 460 663 552; x_wconf 76' lang='grc' dir='ltr'><strong><em>λειποτάξιον]</em></strong></span> <span class='ocrx_word' id='word_1_4' title='bbox 694 459 1045 540; x_wconf 71' lang='grc' dir='ltr'><strong><em>λειποταξίου</em></strong></span> <span class='ocrx_word' id='word_1_5' title='bbox 1072 463 1263 546; x_wconf 70' lang='grc' dir='ltr'><strong><em>γραφὴ</em></strong></span> <span class='ocrx_word' id='word_1_6' title='bbox 1296 473 1449 548; x_wconf 79' lang='lat'>547,</span> <span class='ocrx_word' id='word_1_7' title='bbox 1481 477 1580 543; x_wconf 87' lang='grc'><strong><em>27.</em></strong></span> <span class='ocrx_word' id='word_1_8' title='bbox 1655 457 2007 538; x_wconf 66' lang='grc' dir='ltr'><strong><em>λειποταξίου</em></strong></span> <span class='ocrx_word' id='word_1_9' title='bbox 2044 459 2387 546; x_wconf 76' lang='grc' dir='ltr'><strong><em>προσεκλῆθη</em></strong></span> 
     </span>
     <span class='ocr_line' id='line_1_3' title="bbox 194 546 2390 636; baseline -0.003 -21"><span class='ocrx_word' id='word_1_10' title='bbox 194 549 355 636; x_wconf 78' lang='lat' dir='ltr'><strong>[scil.</strong></span> <span class='ocrx_word' id='word_1_11' title='bbox 388 550 613 627; x_wconf 72' lang='grc' dir='ltr'><strong><em>κλήσει,</em></strong></span> <span class='ocrx_word' id='word_1_12' title='bbox 641 547 741 612; x_wconf 83' lang='lat' dir='ltr'><strong>vel</strong></span> <span class='ocrx_word' id='word_1_13' title='bbox 770 547 913 635; x_wconf 73' lang='grc' dir='ltr'><strong><em>δίκῃ,</em></strong></span> <span class='ocrx_word' id='word_1_14' title='bbox 944 546 1045 611; x_wconf 78' lang='lat' dir='ltr'><strong>vel</strong></span> <span class='ocrx_word' id='word_1_15' title='bbox 1082 546 1421 633; x_wconf 72' lang='grc' dir='ltr'>κατηγορίᾳ]</span> <span class='ocrx_word' id='word_1_16' title='bbox 1459 566 1614 631; x_wconf 87' lang='grc'><strong>999,</strong></span> <span class='ocrx_word' id='word_1_17' title='bbox 1653 546 2221 631; x_wconf 64' lang='grc' dir='ltr'><strong><em>12.εέγγροἰφεσθαι</em></strong></span> <span class='ocrx_word' id='word_1_18' title='bbox 2265 561 2390 610; x_wconf 85' lang='grc' dir='ltr'><strong><em>λει-</em></strong></span> 
     </span>
     <span class='ocr_line' id='line_1_4' title="bbox 183 631 2392 719; baseline -0.004 -19"><span class='ocrx_word' id='word_1_19' title='bbox 183 637 461 715; x_wconf 79' lang='grc' dir='ltr'><strong><em>ποταξίου</em></strong></span> <span class='ocrx_word' id='word_1_20' title='bbox 490 635 607 698; x_wconf 84' lang='lat' dir='ltr'><strong><em>AE.</em></strong></span> <span class='ocrx_word' id='word_1_21' title='bbox 635 633 747 714; x_wconf 84' lang='lat'><strong><em>48,</em></strong></span> <span class='ocrx_word' id='word_1_22' title='bbox 782 632 1277 710; x_wconf 57' lang='grc' dir='ltr'><strong><em>ιελειποταξίου</em></strong></span> <span class='ocrx_word' id='word_1_23' title='bbox 1306 632 1496 716; x_wconf 68' lang='grc' dir='ltr'><strong><em>ἔνοχος</em></strong></span> <span class='ocrx_word' id='word_1_24' title='bbox 1521 631 1634 719; x_wconf 90' lang='lat' dir='ltr'><strong><em>qui</em></strong></span> <span class='ocrx_word' id='word_1_25' title='bbox 1663 631 1742 696; x_wconf 79' lang='lat' dir='ltr'><strong><em>sit</em></strong></span> <span class='ocrx_word' id='word_1_26' title='bbox 1765 632 1848 695; x_wconf 89' lang='lat' dir='ltr'><strong><em>L.</em></strong></span> <span class='ocrx_word' id='word_1_27' title='bbox 1875 651 2022 713; x_wconf 81' lang='lat'>140,</span> <span class='ocrx_word' id='word_1_28' title='bbox 2051 645 2392 714; x_wconf 60' lang='lat' dir='ltr'><strong><em>1·=MW⁰?</em></strong></span> 
     </span>
     <span class='ocr_line' id='line_1_5' title="bbox 186 717 1972 808; baseline -0.003 -22"><span class='ocrx_word' id='word_1_29' title='bbox 186 721 391 800; x_wconf 78' lang='grc' dir='ltr'><strong><em>ταξίου</em></strong></span> <span class='ocrx_word' id='word_1_30' title='bbox 414 733 481 786; x_wconf 86' lang='lat' dir='ltr'><strong><em>et</em></strong></span> <span class='ocrx_word' id='word_1_31' title='bbox 508 719 851 808; x_wconf 64' lang='grc' dir='ltr'><strong><em>ἀστρατείας</em></strong></span> <span class='ocrx_word' id='word_1_32' title='bbox 876 719 1137 784; x_wconf 81' lang='lat' dir='ltr'><strong>crimina</strong></span> <span class='ocrx_word' id='word_1_33' title='bbox 1162 717 1542 806; x_wconf 82' lang='lat' dir='ltr'><strong>copulantur</strong></span> <span class='ocrx_word' id='word_1_34' title='bbox 1570 718 1697 806; x_wconf 84' lang='lat' dir='ltr'><strong><em>Ly.</em></strong></span> <span class='ocrx_word' id='word_1_35' title='bbox 1734 719 1878 802; x_wconf 88' lang='lat'><strong>169,</strong></span> <span class='ocrx_word' id='word_1_36' title='bbox 1912 737 1972 782; x_wconf 83' lang='lat'><strong><em>2.</em></strong></span> 
     </span>
    </p>

    <p class='ocr_par' dir='ltr' id='par_1_3' title="bbox 190 803 2402 2181">
     <span class='ocr_line' id='line_1_6' title="bbox 271 803 2394 892; baseline -0.001 -22"><span class='ocrx_word' id='word_1_37' title='bbox 271 811 619 892; x_wconf 73' lang='grc' dir='ltr'><strong>λειτουργεῖν</strong></span> <span class='ocrx_word' id='word_1_38' title='bbox 647 830 701 868; x_wconf 91' lang='grc' dir='ltr'><strong><em>τι</em></strong></span> <span class='ocrx_word' id='word_1_39' title='bbox 728 814 838 869; x_wconf 79' lang='grc' dir='ltr'><strong><em>τῶν</em></strong></span> <span class='ocrx_word' id='word_1_40' title='bbox 868 804 1233 882; x_wconf 76' lang='grc' dir='ltr'><strong><em>καθηκόντων.</em></strong></span> <span class='ocrx_word' id='word_1_41' title='bbox 1303 803 1385 869; x_wconf 78' lang='lat' dir='ltr'><strong><em>ad</em></strong></span> <span class='ocrx_word' id='word_1_42' title='bbox 1430 803 1694 869; x_wconf 81' lang='lat' dir='ltr'><strong>salutem</strong></span> <span class='ocrx_word' id='word_1_43' title='bbox 1737 803 1891 889; x_wconf 75' lang='lat' dir='ltr'><strong>reip.</strong></span> <span class='ocrx_word' id='word_1_44' title='bbox 1922 803 2163 891; x_wconf 79' lang='lat' dir='ltr'><strong>aliquid</strong></span> <span class='ocrx_word' id='word_1_45' title='bbox 2205 825 2394 892; x_wconf 77' lang='lat' dir='ltr'><strong>agere</strong></span> 
     </span>
     <span class='ocr_line' id='line_1_7' title="bbox 196 888 2394 976; baseline -0.003 -18"><span class='ocrx_word' id='word_1_46' title='bbox 196 897 394 976; x_wconf 85' lang='lat'>1428,</span> <span class='ocrx_word' id='word_1_47' title='bbox 426 911 490 958; x_wconf 85' lang='lat'><strong><em>2.</em></strong></span> <span class='ocrx_word' id='word_1_48' title='bbox 560 895 701 970; x_wconf 73' lang='grc' dir='ltr'><strong><em>ἀξιῶ</em></strong></span> <span class='ocrx_word' id='word_1_49' title='bbox 730 895 841 966; x_wconf 88' lang='grc' dir='ltr'><strong><em>τοῖς</em></strong></span> <span class='ocrx_word' id='word_1_50' title='bbox 878 896 1291 976; x_wconf 75' lang='grc' dir='ltr'><strong><em>λειτουργοῦσιν</em></strong></span> <span class='ocrx_word' id='word_1_51' title='bbox 1328 888 1510 953; x_wconf 82' lang='grc' dir='ltr'><strong><em>ἅπασι</em></strong></span> <span class='ocrx_word' id='word_1_52' title='bbox 1549 890 1727 974; x_wconf 77' lang='grc' dir='ltr'><strong><em>χάριν</em></strong></span> <span class='ocrx_word' id='word_1_53' title='bbox 1771 891 2042 974; x_wconf 74' lang='grc' dir='ltr'><strong><em>ὑπάρχειν</em></strong></span> <span class='ocrx_word' id='word_1_54' title='bbox 2082 892 2214 975; x_wconf 86' lang='grc' dir='ltr'><strong><em>παρ’</em></strong></span> <span class='ocrx_word' id='word_1_55' title='bbox 2241 895 2394 972; x_wconf 77' lang='grc' dir='ltr'><strong><em>ὑμῶν</em></strong></span> 
     </span>
     <span class='ocr_line' id='line_1_8' title="bbox 190 974 2391 1065; baseline -0.003 -20"><span class='ocrx_word' id='word_1_56' title='bbox 190 997 347 1065; x_wconf 90' lang='grc'><strong>992,</strong></span> <span class='ocrx_word' id='word_1_57' title='bbox 381 993 451 1064; x_wconf 86' lang='grc'><strong><em>5.</em></strong></span> <span class='ocrx_word' id='word_1_58' title='bbox 526 979 645 1040; x_wconf 69' lang='grc' dir='ltr'><strong><em>*τὸ</em></strong></span> <span class='ocrx_word' id='word_1_59' title='bbox 680 980 722 1040; x_wconf 78' lang='grc' dir='ltr'><strong><em>δ’</em></strong></span> <span class='ocrx_word' id='word_1_60' title='bbox 754 976 929 1041; x_wconf 73' lang='grc' dir='ltr'><strong><em>αἴτιον</em></strong></span> <span class='ocrx_word' id='word_1_61' title='bbox 955 981 1011 1040; x_wconf 81' lang='grc' dir='ltr'><strong><em>ἐν</em></strong></span> <span class='ocrx_word' id='word_1_62' title='bbox 1035 982 1149 1050; x_wconf 87' lang='grc' dir='ltr'><strong><em>τοῖς</em></strong></span> <span class='ocrx_word' id='word_1_63' title='bbox 1178 976 1395 1053; x_wconf 73' lang='grc' dir='ltr'><strong><em>πένησιν</em></strong></span> <span class='ocrx_word' id='word_1_64' title='bbox 1434 974 1520 1055; x_wconf 80' lang='grc' dir='ltr'><strong><em>ἦν,</em></strong></span> <span class='ocrx_word' id='word_1_65' title='bbox 1549 982 1632 1061; x_wconf 77' lang='grc' dir='ltr'><strong><em>τῷ</em></strong></span> <span class='ocrx_word' id='word_1_66' title='bbox 1661 980 1998 1061; x_wconf 78' lang='grc' dir='ltr'><strong><em>λειτουργεῖν</em></strong></span> <span class='ocrx_word' id='word_1_67' title='bbox 2024 979 2102 1057; x_wconf 78' lang='grc' dir='ltr'><strong><em>μὴ</em></strong></span> <span class='ocrx_word' id='word_1_68' title='bbox 2133 976 2391 1038; x_wconf 76' lang='grc' dir='ltr'><strong><em>δύνασθαι</em></strong></span> 
     </span>
     <span class='ocr_line' id='line_1_9' title="bbox 194 1060 2394 1148; baseline -0.002 -18"><span class='ocrx_word' id='word_1_69' title='bbox 194 1068 348 1144; x_wconf 90' lang='grc'><strong>262,</strong></span> <span class='ocrx_word' id='word_1_70' title='bbox 388 1083 489 1138; x_wconf 88' lang='grc'><strong><em>22.</em></strong></span> <span class='ocrx_word' id='word_1_71' title='bbox 578 1061 709 1127; x_wconf 71' lang='grc' dir='ltr'><strong><em>ὥστ’</em></strong></span> <span class='ocrx_word' id='word_1_72' title='bbox 740 1065 1027 1140; x_wconf 77' lang='grc' dir='ltr'><strong><em>ἀξιοῦσθαι</em></strong></span> <span class='ocrx_word' id='word_1_73' title='bbox 1065 1065 1401 1146; x_wconf 79' lang='grc' dir='ltr'><strong><em>λειτουργεῖν</em></strong></span> <span class='ocrx_word' id='word_1_74' title='bbox 1432 1062 1581 1147; x_wconf 88' lang='grc'><strong>833,</strong></span> <span class='ocrx_word' id='word_1_75' title='bbox 1615 1079 1720 1145; x_wconf 83' lang='grc'><strong><em>25.</em></strong></span> <span class='ocrx_word' id='word_1_76' title='bbox 1811 1084 1942 1148; x_wconf 91' lang='lat' dir='ltr'><strong><em>quo</em></strong></span> <span class='ocrx_word' id='word_1_77' title='bbox 1975 1084 2010 1126; x_wconf 90' lang='lat' dir='ltr'><strong>e</strong></span> <span class='ocrx_word' id='word_1_78' title='bbox 2048 1060 2187 1125; x_wconf 90' lang='lat' dir='ltr'><strong>loco</strong></span> <span class='ocrx_word' id='word_1_79' title='bbox 2223 1060 2394 1126; x_wconf 88' lang='lat' dir='ltr'><strong>colli-</strong></span> 
     </span>
     <span class='ocr_line' id='line_1_10' title="bbox 191 1146 2397 1246; baseline -0.001 -31"><span class='ocrx_word' id='word_1_80' title='bbox 191 1149 394 1237; x_wconf 84' lang='lat' dir='ltr'>gitur,</span> <span class='ocrx_word' id='word_1_81' title='bbox 424 1147 659 1236; x_wconf 87' lang='lat' dir='ltr'><strong>quibus</strong></span> <span class='ocrx_word' id='word_1_82' title='bbox 686 1147 751 1212; x_wconf 85' lang='lat' dir='ltr'><strong><em>in</em></strong></span> <span class='ocrx_word' id='word_1_83' title='bbox 778 1147 1185 1214; x_wconf 80' lang='lat' dir='ltr'><strong>facultatibus</strong></span> <span class='ocrx_word' id='word_1_84' title='bbox 1214 1170 1339 1212; x_wconf 92' lang='lat' dir='ltr'><strong>non</strong></span> <span class='ocrx_word' id='word_1_85' title='bbox 1368 1161 1575 1212; x_wconf 77' lang='lat' dir='ltr'>essent</span> <span class='ocrx_word' id='word_1_86' title='bbox 1600 1146 1718 1211; x_wconf 83' lang='lat' dir='ltr'><strong>nisi</strong></span> <span class='ocrx_word' id='word_1_87' title='bbox 1745 1146 1994 1246; x_wconf 79' lang='lat' dir='ltr'><strong>singula</strong></span> <span class='ocrx_word' id='word_1_88' title='bbox 2031 1147 2265 1212; x_wconf 81' lang='lat' dir='ltr'><strong>talenta</strong></span> <span class='ocrx_word' id='word_1_89' title='bbox 2299 1149 2397 1213; x_wconf 88' lang='lat' dir='ltr'><strong><em>bi-</em></strong></span> 
     </span>
     <span class='ocr_line' id='line_1_11' title="bbox 192 1233 2394 1323; baseline -0.001 -23"><span class='ocrx_word' id='word_1_90' title='bbox 192 1258 381 1316; x_wconf 80' lang='lat' dir='ltr'><strong>nave,</strong></span> <span class='ocrx_word' id='word_1_91' title='bbox 410 1259 517 1299; x_wconf 85' lang='lat' dir='ltr'><strong><em>eos</em></strong></span> <span class='ocrx_word' id='word_1_92' title='bbox 546 1234 855 1300; x_wconf 85' lang='lat' dir='ltr'><strong>immunes</strong></span> <span class='ocrx_word' id='word_1_93' title='bbox 880 1235 963 1300; x_wconf 76' lang='lat' dir='ltr'><strong><em>ab</em></strong></span> <span class='ocrx_word' id='word_1_94' title='bbox 990 1256 1177 1298; x_wconf 88' lang='lat' dir='ltr'><strong>onere</strong></span> <span class='ocrx_word' id='word_1_95' title='bbox 1204 1233 1494 1298; x_wconf 88' lang='lat' dir='ltr'><strong>munium</strong></span> <span class='ocrx_word' id='word_1_96' title='bbox 1522 1233 1734 1310; x_wconf 84' lang='lat' dir='ltr'><strong>fuisse,</strong></span> <span class='ocrx_word' id='word_1_97' title='bbox 1764 1257 1878 1321; x_wconf 86' lang='lat' dir='ltr'><strong><em>qm</em></strong></span> <span class='ocrx_word' id='word_1_98' title='bbox 1907 1250 2117 1300; x_wconf 80' lang='lat' dir='ltr'><strong>autem</strong></span> <span class='ocrx_word' id='word_1_99' title='bbox 2145 1233 2291 1323; x_wconf 85' lang='lat' dir='ltr'><strong>plus</strong></span> <span class='ocrx_word' id='word_1_100' title='bbox 2327 1233 2394 1298; x_wconf 89' lang='lat' dir='ltr'><strong><em>in</em></strong></span> 
     </span>
     <span class='ocr_line' id='line_1_12' title="bbox 193 1319 2396 1407; baseline 0 -21"><span class='ocrx_word' id='word_1_101' title='bbox 193 1321 381 1386; x_wconf 81' lang='lat' dir='ltr'><strong>bonis</strong></span> <span class='ocrx_word' id='word_1_102' title='bbox 408 1321 731 1399; x_wconf 81' lang='lat' dir='ltr'><strong>haberent,</strong></span> <span class='ocrx_word' id='word_1_103' title='bbox 760 1320 837 1386; x_wconf 86' lang='lat' dir='ltr'><strong><em>iis</em></strong></span> <span class='ocrx_word' id='word_1_104' title='bbox 864 1319 1289 1386; x_wconf 77' lang='lat' dir='ltr'><strong>necessitatem</strong></span> <span class='ocrx_word' id='word_1_105' title='bbox 1317 1319 1712 1384; x_wconf 84' lang='lat' dir='ltr'><strong>functionum</strong></span> <span class='ocrx_word' id='word_1_106' title='bbox 1735 1319 2108 1386; x_wconf 77' lang='lat' dir='ltr'><strong>incubuisse.</strong></span> <span class='ocrx_word' id='word_1_107' title='bbox 2153 1335 2396 1407; x_wconf 81' lang='grc' dir='ltr'><strong><em>λειτουρ-</em></strong></span> 
     </span>
     <span class='ocr_line' id='line_1_13' title="bbox 196 1406 2396 1505; baseline -0.001 -33"><span class='ocrx_word' id='word_1_108' title='bbox 196 1413 319 1492; x_wconf 81' lang='grc' dir='ltr'><strong><em>γεῖν</em></strong></span> <span class='ocrx_word' id='word_1_109' title='bbox 346 1432 391 1472; x_wconf 83' lang='lat' dir='ltr'><strong>a</strong></span> <span class='ocrx_word' id='word_1_110' title='bbox 418 1407 845 1472; x_wconf 80' lang='lat' dir='ltr'><strong>Demosthene</strong></span> <span class='ocrx_word' id='word_1_111' title='bbox 873 1406 1188 1493; x_wconf 81' lang='lat' dir='ltr'><strong>usurpari,</strong></span> <span class='ocrx_word' id='word_1_112' title='bbox 1218 1420 1293 1470; x_wconf 87' lang='lat' dir='ltr'><strong><em>ut</em></strong></span> <span class='ocrx_word' id='word_1_113' title='bbox 1320 1406 1700 1470; x_wconf 81' lang='lat' dir='ltr'><strong>vocabulum</strong></span> <span class='ocrx_word' id='word_1_114' title='bbox 1729 1410 2077 1505; x_wconf 81' lang='lat' dir='ltr'><strong>proprium,</strong></span> <span class='ocrx_word' id='word_1_115' title='bbox 2101 1407 2182 1471; x_wconf 93' lang='lat' dir='ltr'><strong>de</strong></span> <span class='ocrx_word' id='word_1_116' title='bbox 2203 1407 2396 1470; x_wconf 86' lang='lat' dir='ltr'><strong>sceni-</strong></span> 
     </span>
     <span class='ocr_line' id='line_1_14' title="bbox 198 1491 2392 1572; baseline -0 -15"><span class='ocrx_word' id='word_1_117' title='bbox 198 1494 306 1572; x_wconf 86' lang='lat' dir='ltr'><strong>cis,</strong></span> <span class='ocrx_word' id='word_1_118' title='bbox 340 1493 581 1559; x_wconf 82' lang='lat' dir='ltr'><strong>Libero</strong></span> <span class='ocrx_word' id='word_1_119' title='bbox 611 1494 787 1558; x_wconf 83' lang='lat' dir='ltr'><strong>Patri</strong></span> <span class='ocrx_word' id='word_1_120' title='bbox 816 1492 1293 1572; x_wconf 75' lang='lat' dir='ltr'><strong>famulantibus,</strong></span> <span class='ocrx_word' id='word_1_121' title='bbox 1328 1507 1549 1558; x_wconf 81' lang='lat' dir='ltr'><strong>auctor</strong></span> <span class='ocrx_word' id='word_1_122' title='bbox 1590 1507 1684 1557; x_wconf 86' lang='lat' dir='ltr'><strong><em>est</em></strong></span> <span class='ocrx_word' id='word_1_123' title='bbox 1727 1495 1773 1556; x_wconf 87' lang='lat' dir='ltr'><strong>J</strong></span> <span class='ocrx_word' id='word_1_124' title='bbox 1777 1493 1944 1558; x_wconf 77' lang='lat' dir='ltr'><strong>ullus</strong></span> <span class='ocrx_word' id='word_1_125' title='bbox 1985 1491 2216 1557; x_wconf 89' lang='lat' dir='ltr'><strong>Pollux</strong></span> <span class='ocrx_word' id='word_1_126' title='bbox 2251 1493 2392 1557; x_wconf 77' lang='lat'>1112</span> 
     </span>
     <span class='ocr_line' id='line_1_15' title="bbox 204 1577 2394 1666; baseline 0 -23"><span class='ocrx_word' id='word_1_127' title='bbox 204 1581 779 1666; x_wconf 65' lang='lat' dir='ltr'><strong>143.=anoup7si&#39;v</strong></span> <span class='ocrx_word' id='word_1_128' title='bbox 808 1581 903 1642; x_wconf 74' lang='grc' dir='ltr'><strong><em>καὶ</em></strong></span> <span class='ocrx_word' id='word_1_129' title='bbox 935 1577 1154 1658; x_wconf 77' lang='grc' dir='ltr'><strong><em>τᾶλλα,</em></strong></span> <span class='ocrx_word' id='word_1_130' title='bbox 1184 1577 1293 1644; x_wconf 72' lang='grc' dir='ltr'><strong><em>ὅσα</em></strong></span> <span class='ocrx_word' id='word_1_131' title='bbox 1314 1584 1606 1664; x_wconf 77' lang='grc' dir='ltr'><strong><em>προσῆκεν,</em></strong></span> <span class='ocrx_word' id='word_1_132' title='bbox 1630 1583 1686 1641; x_wconf 71' lang='grc' dir='ltr'><strong><em>ὃν</em></strong></span> <span class='ocrx_word' id='word_1_133' title='bbox 1713 1585 1792 1664; x_wconf 73' lang='grc' dir='ltr'><strong><em>τῷ</em></strong></span> <span class='ocrx_word' id='word_1_134' title='bbox 1816 1579 1966 1665; x_wconf 76' lang='grc' dir='ltr'><strong><em>ὃῆμῳ</em></strong></span> <span class='ocrx_word' id='word_1_135' title='bbox 1991 1578 2394 1666; x_wconf 86' lang='lat' dir='ltr'><strong>(municipio)</strong></span> 
     </span>
     <span class='ocr_line' id='line_1_16' title="bbox 199 1666 2397 1764; baseline 0 -36"><span class='ocrx_word' id='word_1_136' title='bbox 199 1668 335 1753; x_wconf 66' lang='grc' dir='ltr'><strong><em>ὑπὲρ</em></strong></span> <span class='ocrx_word' id='word_1_137' title='bbox 372 1671 469 1742; x_wconf 76' lang='grc' dir='ltr'><strong><em>τῆς</em></strong></span> <span class='ocrx_word' id='word_1_138' title='bbox 516 1667 779 1750; x_wconf 69' lang='grc' dir='ltr'><strong><em>γυναικὸς</em></strong></span> <span class='ocrx_word' id='word_1_139' title='bbox 819 1669 987 1729; x_wconf 88' lang='grc' dir='ltr'><strong><em>ποιεῖν</em></strong></span> <span class='ocrx_word' id='word_1_140' title='bbox 1027 1667 1083 1729; x_wconf 93' lang='lat' dir='ltr'><strong><em>I.</em></strong></span> <span class='ocrx_word' id='word_1_141' title='bbox 1112 1667 1223 1746; x_wconf 88' lang='lat'><strong><em>46,</em></strong></span> <span class='ocrx_word' id='word_1_142' title='bbox 1260 1684 1361 1729; x_wconf 91' lang='lat'><strong><em>11.</em></strong></span> <span class='ocrx_word' id='word_1_143' title='bbox 1436 1669 1514 1728; x_wconf 72' lang='grc' dir='ltr'><strong><em>τὰ</em></strong></span> <span class='ocrx_word' id='word_1_144' title='bbox 1556 1666 2018 1764; x_wconf 75' lang='grc' dir='ltr'><strong><em>προσταττόμενα</em></strong></span> <span class='ocrx_word' id='word_1_145' title='bbox 2067 1671 2397 1751; x_wconf 81' lang='grc' dir='ltr'><strong><em>λειτουργῶν</em></strong></span> 
     </span>
     <span class='ocr_line' id='line_1_17' title="bbox 202 1749 2398 1837; baseline 0 -23"><span class='ocrx_word' id='word_1_146' title='bbox 202 1753 307 1829; x_wconf 89' lang='lat'><strong><em>62,</em></strong></span> <span class='ocrx_word' id='word_1_147' title='bbox 352 1769 457 1835; x_wconf 87' lang='lat'><strong><em>25.</em></strong></span> <span class='ocrx_word' id='word_1_148' title='bbox 547 1767 605 1814; x_wconf 86' lang='grc' dir='ltr'><strong><em>λ.</em></strong></span> <span class='ocrx_word' id='word_1_149' title='bbox 650 1753 781 1836; x_wconf 76' lang='grc' dir='ltr'><strong><em>ὑπὲρ</em></strong></span> <span class='ocrx_word' id='word_1_150' title='bbox 824 1757 921 1828; x_wconf 78' lang='grc' dir='ltr'><strong><em>τῆς</em></strong></span> <span class='ocrx_word' id='word_1_151' title='bbox 962 1751 1223 1837; x_wconf 77' lang='grc' dir='ltr'><strong><em>γυναικὸς</em></strong></span> <span class='ocrx_word' id='word_1_152' title='bbox 1268 1763 1562 1837; x_wconf 86' lang='lat' dir='ltr'><strong>sumptus</strong></span> <span class='ocrx_word' id='word_1_153' title='bbox 1601 1771 1668 1814; x_wconf 82' lang='lat' dir='ltr'><strong><em>in</em></strong></span> <span class='ocrx_word' id='word_1_154' title='bbox 1713 1749 2036 1837; x_wconf 87' lang='lat' dir='ltr'><strong>publicum</strong></span> <span class='ocrx_word' id='word_1_155' title='bbox 2080 1749 2398 1815; x_wconf 82' lang='lat' dir='ltr'><strong>faciendos</strong></span> 
     </span>
     <span class='ocr_line' id='line_1_18' title="bbox 200 1835 2400 1924; baseline 0 -24"><span class='ocrx_word' id='word_1_156' title='bbox 200 1837 337 1900; x_wconf 90' lang='lat' dir='ltr'><strong>loco</strong></span> <span class='ocrx_word' id='word_1_157' title='bbox 366 1849 433 1900; x_wconf 87' lang='lat' dir='ltr'><strong><em>et</em></strong></span> <span class='ocrx_word' id='word_1_158' title='bbox 461 1835 715 1912; x_wconf 85' lang='lat' dir='ltr'><strong>nomine</strong></span> <span class='ocrx_word' id='word_1_159' title='bbox 741 1836 957 1902; x_wconf 85' lang='lat' dir='ltr'><strong>uxoris</strong></span> <span class='ocrx_word' id='word_1_160' title='bbox 984 1857 1243 1924; x_wconf 79' lang='lat' dir='ltr'><strong>erogare</strong></span> <span class='ocrx_word' id='word_1_161' title='bbox 1270 1839 1518 1921; x_wconf 78' lang='lat'><strong>62,.39.</strong></span> <span class='ocrx_word' id='word_1_162' title='bbox 1567 1841 1904 1920; x_wconf 75' lang='grc' dir='ltr'><strong><em>λειτουργεῖν</em></strong></span> <span class='ocrx_word' id='word_1_163' title='bbox 1931 1841 2010 1919; x_wconf 75' lang='grc' dir='ltr'><strong><em>μὴ</em></strong></span> <span class='ocrx_word' id='word_1_164' title='bbox 2039 1835 2196 1914; x_wconf 74' lang='grc' dir='ltr'><strong><em>ἄξια.</em></strong></span> <span class='ocrx_word' id='word_1_165' title='bbox 2248 1857 2400 1924; x_wconf 82' lang='lat' dir='ltr'><strong>opes</strong></span> 
     </span>
     <span class='ocr_line' id='line_1_19' title="bbox 200 1920 2402 2009; baseline -0.001 -23"><span class='ocrx_word' id='word_1_166' title='bbox 200 1945 327 1986; x_wconf 88' lang='lat' dir='ltr'><strong>non</strong></span> <span class='ocrx_word' id='word_1_167' title='bbox 358 1921 735 1987; x_wconf 84' lang='lat' dir='ltr'><strong>sufficientes</strong></span> <span class='ocrx_word' id='word_1_168' title='bbox 760 1922 1031 2009; x_wconf 84' lang='lat' dir='ltr'><strong>publicis</strong></span> <span class='ocrx_word' id='word_1_169' title='bbox 1058 1923 1425 1988; x_wconf 84' lang='lat' dir='ltr'><strong>muneribus</strong></span> <span class='ocrx_word' id='word_1_170' title='bbox 1452 1921 1712 1987; x_wconf 77' lang='lat' dir='ltr'><strong>edendis</strong></span> <span class='ocrx_word' id='word_1_171' title='bbox 1742 1920 1846 2000; x_wconf 90' lang='lat'><strong><em>88,</em></strong></span> <span class='ocrx_word' id='word_1_172' title='bbox 1877 1943 1902 1987; x_wconf 88' lang='lat'><strong>1</strong></span> <span class='ocrx_word' id='word_1_173' title='bbox 1922 1942 1975 1986; x_wconf 86' lang='lat'><strong><em>1.</em></strong></span> <span class='ocrx_word' id='word_1_174' title='bbox 2061 1926 2120 1986; x_wconf 81' lang='grc' dir='ltr'><strong><em>οὕ</em></strong></span> <span class='ocrx_word' id='word_1_175' title='bbox 2149 1931 2256 1987; x_wconf 80' lang='grc' dir='ltr'><strong><em>τῶν</em></strong></span> <span class='ocrx_word' id='word_1_176' title='bbox 2286 1937 2402 1986; x_wconf 76' lang='grc' dir='ltr'><strong><em>λει-</em></strong></span> 
     </span>
     <span class='ocr_line' id='line_1_20' title="bbox 202 2005 2398 2096; baseline 0 -24"><span class='ocrx_word' id='word_1_177' title='bbox 202 2008 577 2094; x_wconf 72' lang='grc' dir='ltr'><strong><em>τουργούντων</em></strong></span> <span class='ocrx_word' id='word_1_178' title='bbox 606 2005 747 2086; x_wconf 78' lang='grc' dir='ltr'><strong><em>ἦσαν</em></strong></span> <span class='ocrx_word' id='word_1_179' title='bbox 778 2008 886 2093; x_wconf 89' lang='grc'><strong><em>89,</em></strong></span> <span class='ocrx_word' id='word_1_180' title='bbox 914 2029 981 2092; x_wconf 88' lang='grc'><strong><em>9.</em></strong></span> <span class='ocrx_word' id='word_1_181' title='bbox 1074 2013 1257 2084; x_wconf 78' lang='grc' dir='ltr'><strong><em>ίκανῆς</em></strong></span> <span class='ocrx_word' id='word_1_182' title='bbox 1301 2007 1513 2087; x_wconf 79' lang='grc' dir='ltr'><strong><em>οὐσίας,</em></strong></span> <span class='ocrx_word' id='word_1_183' title='bbox 1549 2005 1696 2070; x_wconf 72' lang='grc' dir='ltr'><strong><em>ὥστε</em></strong></span> <span class='ocrx_word' id='word_1_184' title='bbox 1740 2011 1836 2072; x_wconf 71' lang='grc' dir='ltr'><strong><em>καὶ</em></strong></span> <span class='ocrx_word' id='word_1_185' title='bbox 1881 2012 2216 2096; x_wconf 79' lang='grc' dir='ltr'><strong><em>λειτουργεῖν</em></strong></span> <span class='ocrx_word' id='word_1_186' title='bbox 2251 2008 2398 2088; x_wconf 90' lang='lat'>106,</span> 
     </span>
     <span class='ocr_line' id='line_1_21' title="bbox 214 2093 1796 2181; baseline 0 -24"><span class='ocrx_word' id='word_1_187' title='bbox 214 2099 751 2179; x_wconf 66' lang='lat' dir='ltr'><strong><em>19.=Murovpye‘a&#39;v</em></strong></span> <span class='ocrx_word' id='word_1_188' title='bbox 776 2093 1205 2181; x_wconf 75' lang='grc' dir='ltr'><strong><em>προβάλλεσθαί</em></strong></span> <span class='ocrx_word' id='word_1_189' title='bbox 1230 2121 1353 2159; x_wconf 89' lang='grc' dir='ltr'><strong><em>τινα</em></strong></span> <span class='ocrx_word' id='word_1_190' title='bbox 1382 2095 1518 2158; x_wconf 86' lang='lat' dir='ltr'><strong><em>An.</em></strong></span> <span class='ocrx_word' id='word_1_191' title='bbox 1555 2109 1654 2177; x_wconf 90' lang='lat'><strong><em>1¹7,</em></strong></span> <span class='ocrx_word' id='word_1_192' title='bbox 1693 2113 1796 2178; x_wconf 86' lang='lat'><strong><em>19.</em></strong></span> 
     </span>
    </p>

    <p class='ocr_par' dir='ltr' id='par_1_4' title="bbox 202 2177 2404 2695">
     <span class='ocr_line' id='line_1_22' title="bbox 287 2177 2402 2266; baseline -0 -22"><span class='ocrx_word' id='word_1_193' title='bbox 287 2178 645 2266; x_wconf 86' lang='grc' dir='ltr'><strong><em>λειτουργία]</em></strong></span> <span class='ocrx_word' id='word_1_194' title='bbox 684 2181 787 2242; x_wconf 74' lang='grc' dir='ltr'><strong><em>εἰσὶ</em></strong></span> <span class='ocrx_word' id='word_1_195' title='bbox 815 2182 945 2266; x_wconf 84' lang='grc' dir='ltr'><strong><em>παρ’</em></strong></span> <span class='ocrx_word' id='word_1_196' title='bbox 970 2183 1097 2262; x_wconf 80' lang='grc' dir='ltr'><strong><em>ἡμῖν</em></strong></span> <span class='ocrx_word' id='word_1_197' title='bbox 1132 2180 1201 2244; x_wconf 69' lang='grc' dir='ltr'><strong><em>αἵ</em></strong></span> <span class='ocrx_word' id='word_1_198' title='bbox 1230 2206 1293 2244; x_wconf 87' lang='grc' dir='ltr'><strong><em>τε</em></strong></span> <span class='ocrx_word' id='word_1_199' title='bbox 1334 2187 1443 2242; x_wconf 77' lang='grc' dir='ltr'><strong><em>τῶν</em></strong></span> <span class='ocrx_word' id='word_1_200' title='bbox 1485 2177 1757 2263; x_wconf 82' lang='grc' dir='ltr'><strong><em>μετοίκων</em></strong></span> <span class='ocrx_word' id='word_1_201' title='bbox 1800 2179 2168 2265; x_wconf 71' lang='grc' dir='ltr'><strong><em>λειτουργίαι,</em></strong></span> <span class='ocrx_word' id='word_1_202' title='bbox 2199 2180 2296 2243; x_wconf 70' lang='grc' dir='ltr'><strong><em>καὶ</em></strong></span> <span class='ocrx_word' id='word_1_203' title='bbox 2341 2185 2402 2243; x_wconf 68' lang='grc' dir='ltr'><strong><em>αἱ</em></strong></span> 
     </span>
     <span class='ocr_line' id='line_1_23' title="bbox 204 2263 2401 2353; baseline 0 -25"><span class='ocrx_word' id='word_1_204' title='bbox 204 2265 519 2330; x_wconf 79' lang='grc' dir='ltr'><strong><em>πολιτικαί.</em></strong></span> <span class='ocrx_word' id='word_1_205' title='bbox 590 2264 825 2352; x_wconf 88' lang='lat' dir='ltr'><strong>quibus</strong></span> <span class='ocrx_word' id='word_1_206' title='bbox 867 2265 981 2329; x_wconf 88' lang='lat' dir='ltr'><strong>soli</strong></span> <span class='ocrx_word' id='word_1_207' title='bbox 1023 2265 1188 2330; x_wconf 82' lang='lat' dir='ltr'><strong>cives</strong></span> <span class='ocrx_word' id='word_1_208' title='bbox 1228 2265 1768 2353; x_wconf 74' lang='lat' dir='ltr'><strong>obsti-ingerentur</strong></span> <span class='ocrx_word' id='word_1_209' title='bbox 1806 2268 1962 2347; x_wconf 83' lang='lat'>462,</span> <span class='ocrx_word' id='word_1_210' title='bbox 2015 2287 2114 2349; x_wconf 88' lang='lat'><strong><em>14.</em></strong></span> <span class='ocrx_word' id='word_1_211' title='bbox 2191 2269 2290 2328; x_wconf 77' lang='grc' dir='ltr'><strong><em>οὐκ</em></strong></span> <span class='ocrx_word' id='word_1_212' title='bbox 2333 2263 2401 2328; x_wconf 67' lang='grc' dir='ltr'><strong><em>ἂν</em></strong></span> 
     </span>
     <span class='ocr_line' id='line_1_24' title="bbox 202 2350 2389 2438; baseline -0.001 -24"><span class='ocrx_word' id='word_1_213' title='bbox 202 2351 467 2432; x_wconf 73' lang='grc' dir='ltr'><strong><em>δυναίμην</em></strong></span> <span class='ocrx_word' id='word_1_214' title='bbox 488 2350 581 2415; x_wconf 71' lang='grc' dir='ltr'><strong><em>δύο</em></strong></span> <span class='ocrx_word' id='word_1_215' title='bbox 610 2350 963 2438; x_wconf 73' lang='grc' dir='ltr'><strong><em>λειτουργίας</em></strong></span> <span class='ocrx_word' id='word_1_216' title='bbox 991 2355 1352 2436; x_wconf 82' lang='grc' dir='ltr'><strong><em>λειτουργεῖν,</em></strong></span> <span class='ocrx_word' id='word_1_217' title='bbox 1384 2351 1506 2415; x_wconf 76' lang='grc' dir='ltr'><strong><em>οὔτε</em></strong></span> <span class='ocrx_word' id='word_1_218' title='bbox 1547 2358 1594 2415; x_wconf 72' lang='lat' dir='ltr'><strong><em>oi</em></strong></span> <span class='ocrx_word' id='word_1_219' title='bbox 1639 2350 1786 2433; x_wconf 74' lang='grc' dir='ltr'><strong><em>νόμοι</em></strong></span> <span class='ocrx_word' id='word_1_220' title='bbox 1834 2354 1992 2416; x_wconf 68' lang='grc' dir='ltr'><strong><em>ἐῶσιν</em></strong></span> <span class='ocrx_word' id='word_1_221' title='bbox 2028 2369 2219 2436; x_wconf 89' lang='grc'><strong>1209,</strong></span> <span class='ocrx_word' id='word_1_222' title='bbox 2253 2370 2389 2418; x_wconf 75' lang='lat'><strong>2.-·.-=</strong></span> 
     </span>
     <span class='ocr_line' id='line_1_25' title="bbox 206 2435 2404 2523; baseline 0.001 -24"><span class='ocrx_word' id='word_1_223' title='bbox 206 2439 310 2500; x_wconf 72' lang='grc' dir='ltr'><strong><em>οὐδ’</em></strong></span> <span class='ocrx_word' id='word_1_224' title='bbox 338 2439 559 2514; x_wconf 71' lang='grc' dir='ltr'><strong><em>ἧστινος</em></strong></span> <span class='ocrx_word' id='word_1_225' title='bbox 604 2437 953 2523; x_wconf 71' lang='grc' dir='ltr'><strong><em>λειτουργίας</em></strong></span> <span class='ocrx_word' id='word_1_226' title='bbox 996 2435 1211 2515; x_wconf 77' lang='grc' dir='ltr'><strong><em>ἡπόλις</em></strong></span> <span class='ocrx_word' id='word_1_227' title='bbox 1251 2440 1419 2514; x_wconf 75' lang='grc' dir='ltr'><strong><em>ἐνδεὴς</em></strong></span> <span class='ocrx_word' id='word_1_228' title='bbox 1456 2436 1758 2522; x_wconf 72' lang='grc' dir='ltr'><strong><em>γεγένηται</em></strong></span> <span class='ocrx_word' id='word_1_229' title='bbox 1786 2438 1874 2501; x_wconf 85' lang='lat' dir='ltr'><strong><em>A.</em></strong></span> <span class='ocrx_word' id='word_1_230' title='bbox 1915 2437 2058 2523; x_wconf 83' lang='lat'><strong>138,</strong></span> <span class='ocrx_word' id='word_1_231' title='bbox 2094 2452 2404 2522; x_wconf 81' lang='grc' dir='ltr'><strong><em>25.--λει-</em></strong></span> 
     </span>
     <span class='ocr_line' id='line_1_26' title="bbox 203 2521 2401 2610; baseline 0.001 -26"><span class='ocrx_word' id='word_1_232' title='bbox 203 2521 475 2608; x_wconf 81' lang='grc' dir='ltr'><strong><em>τουργίαν</em></strong></span> <span class='ocrx_word' id='word_1_233' title='bbox 499 2522 707 2599; x_wconf 69' lang='grc' dir='ltr'><strong><em>ταύτην</em></strong></span> <span class='ocrx_word' id='word_1_234' title='bbox 732 2523 867 2587; x_wconf 77' lang='grc' dir='ltr'><strong><em>εἶναι</em></strong></span> <span class='ocrx_word' id='word_1_235' title='bbox 896 2523 1319 2600; x_wconf 67' lang='grc' dir='ltr'><strong><em>ἐπιπονωτάτην,</em></strong></span> <span class='ocrx_word' id='word_1_236' title='bbox 1359 2525 1451 2586; x_wconf 77' lang='grc' dir='ltr'><strong><em>διὰ</em></strong></span> <span class='ocrx_word' id='word_1_237' title='bbox 1493 2523 1686 2597; x_wconf 69' lang='grc' dir='ltr'><strong><em>τέλους</em></strong></span> <span class='ocrx_word' id='word_1_238' title='bbox 1714 2525 1808 2586; x_wconf 76' lang='grc' dir='ltr'><strong><em>τὸν</em></strong></span> <span class='ocrx_word' id='word_1_239' title='bbox 1845 2523 2033 2588; x_wconf 70' lang='grc' dir='ltr'><strong><em>πάντα</em></strong></span> <span class='ocrx_word' id='word_1_240' title='bbox 2066 2523 2266 2610; x_wconf 72' lang='grc' dir='ltr'><strong><em>χρόνον</em></strong></span> <span class='ocrx_word' id='word_1_241' title='bbox 2311 2524 2401 2608; x_wconf 62' lang='lat' dir='ltr'><strong><em>xo(-</em></strong></span> 
     </span>
     <span class='ocr_line' id='line_1_27' title="bbox 204 2608 1381 2695; baseline 0.002 -25"><span class='ocrx_word' id='word_1_242' title='bbox 204 2631 372 2690; x_wconf 82' lang='grc' dir='ltr'><strong><em>σμιον</em></strong></span> <span class='ocrx_word' id='word_1_243' title='bbox 400 2608 539 2671; x_wconf 68' lang='grc' dir='ltr'><strong><em>εἶναι</em></strong></span> <span class='ocrx_word' id='word_1_244' title='bbox 568 2609 667 2672; x_wconf 71' lang='grc' dir='ltr'><strong><em>καὶ</em></strong></span> <span class='ocrx_word' id='word_1_245' title='bbox 694 2609 951 2695; x_wconf 71' lang='grc' dir='ltr'><strong><em>σώφρονα</em></strong></span> <span class='ocrx_word' id='word_1_246' title='bbox 981 2609 1061 2673; x_wconf 85' lang='lat' dir='ltr'><strong><em>L.</em></strong></span> <span class='ocrx_word' id='word_1_247' title='bbox 1102 2612 1244 2695; x_wconf 85' lang='grc'><strong>163,</strong></span> <span class='ocrx_word' id='word_1_248' title='bbox 1280 2629 1381 2677; x_wconf 88' lang='lat'><strong><em>21.</em></strong></span> 
     </span>
    </p>

    <p class='ocr_par' dir='ltr' id='par_1_5' title="bbox 204 2693 2420 3296">
     <span class='ocr_line' id='line_1_28' title="bbox 292 2693 2404 2784; baseline 0.002 -28"><span class='ocrx_word' id='word_1_249' title='bbox 292 2693 583 2781; x_wconf 72' lang='grc' dir='ltr'><strong><em>λεκτικός]</em></strong></span> <span class='ocrx_word' id='word_1_250' title='bbox 612 2699 723 2768; x_wconf 83' lang='grc' dir='ltr'><strong><em>τοῖς</em></strong></span> <span class='ocrx_word' id='word_1_251' title='bbox 763 2697 1042 2769; x_wconf 80' lang='grc' dir='ltr'><strong><em>λεκτικοῖς</em></strong></span> <span class='ocrx_word' id='word_1_252' title='bbox 1082 2704 1191 2758; x_wconf 78' lang='grc' dir='ltr'><strong><em>τῶν</em></strong></span> <span class='ocrx_word' id='word_1_253' title='bbox 1234 2696 1437 2779; x_wconf 79' lang='grc' dir='ltr'><strong><em>λόγων.</em></strong></span> <span class='ocrx_word' id='word_1_254' title='bbox 1525 2693 2058 2782; x_wconf 80' lang='lat' dir='ltr'><strong>disputationibus</strong></span> <span class='ocrx_word' id='word_1_255' title='bbox 2083 2693 2225 2774; x_wconf 76' lang='lat' dir='ltr'><strong>illiS,</strong></span> <span class='ocrx_word' id='word_1_256' title='bbox 2255 2719 2404 2784; x_wconf 84' lang='lat' dir='ltr'><strong>quoe</strong></span> 
     </span>
     <span class='ocr_line' id='line_1_29' title="bbox 204 2777 2406 2867; baseline 0.002 -25"><span class='ocrx_word' id='word_1_257' title='bbox 204 2777 539 2844; x_wconf 79' lang='lat' dir='ltr'><strong>destinatae</strong></span> <span class='ocrx_word' id='word_1_258' title='bbox 566 2793 737 2858; x_wconf 86' lang='lat' dir='ltr'><strong>sunt,</strong></span> <span class='ocrx_word' id='word_1_259' title='bbox 768 2794 845 2845; x_wconf 87' lang='lat' dir='ltr'><strong><em>ut</em></strong></span> <span class='ocrx_word' id='word_1_260' title='bbox 870 2778 1263 2844; x_wconf 79' lang='lat' dir='ltr'><strong>solummodo</strong></span> <span class='ocrx_word' id='word_1_261' title='bbox 1290 2803 1397 2844; x_wconf 87' lang='lat' dir='ltr'><strong><em>ore</em></strong></span> <span class='ocrx_word' id='word_1_262' title='bbox 1418 2781 1928 2867; x_wconf 82' lang='lat' dir='ltr'><strong>pronuntientur,</strong></span> <span class='ocrx_word' id='word_1_263' title='bbox 1953 2803 2080 2845; x_wconf 92' lang='lat' dir='ltr'><strong>non</strong></span> <span class='ocrx_word' id='word_1_264' title='bbox 2111 2795 2185 2846; x_wconf 92' lang='lat' dir='ltr'><strong><em>ut</em></strong></span> <span class='ocrx_word' id='word_1_265' title='bbox 2211 2780 2406 2848; x_wconf 85' lang='lat' dir='ltr'><strong>literis</strong></span> 
     </span>
     <span class='ocr_line' id='line_1_30' title="bbox 206 2865 2420 2954; baseline 0 -24"><span class='ocrx_word' id='word_1_266' title='bbox 206 2865 527 2930; x_wconf 77' lang='lat' dir='ltr'><strong>mandatae</strong></span> <span class='ocrx_word' id='word_1_267' title='bbox 552 2865 818 2952; x_wconf 72' lang='lat' dir='ltr'><strong><em>posteris</em></strong></span> <span class='ocrx_word' id='word_1_268' title='bbox 860 2866 1189 2930; x_wconf 82' lang='lat' dir='ltr'><strong>tradantur</strong></span> <span class='ocrx_word' id='word_1_269' title='bbox 1223 2885 1414 2947; x_wconf 89' lang='lat'>1401,</span> <span class='ocrx_word' id='word_1_270' title='bbox 1450 2885 1552 2951; x_wconf 90' lang='lat'><strong><em>19.</em></strong></span> <span class='ocrx_word' id='word_1_271' title='bbox 1623 2880 1800 2953; x_wconf 80' lang='lat' dir='ltr'><strong>patet</strong></span> <span class='ocrx_word' id='word_1_272' title='bbox 1842 2889 1920 2930; x_wconf 84' lang='lat' dir='ltr'><strong>ex</strong></span> <span class='ocrx_word' id='word_1_273' title='bbox 1961 2868 2252 2954; x_wconf 85' lang='lat' dir='ltr'><strong>opposito</strong></span> <span class='ocrx_word' id='word_1_274' title='bbox 2293 2873 2420 2942; x_wconf 63' lang='lat' dir='ltr'><strong><em>‘roff-</em></strong></span> 
     </span>
     <span class='ocr_line' id='line_1_31' title="bbox 207 2951 2402 3039; baseline 0.001 -25"><span class='ocrx_word' id='word_1_275' title='bbox 207 2953 251 3014; x_wconf 79' lang='grc' dir='ltr'><strong><em>δ’</em></strong></span> <span class='ocrx_word' id='word_1_276' title='bbox 282 2963 359 3026; x_wconf 70' lang='grc' dir='ltr'><strong><em>εἷς</em></strong></span> <span class='ocrx_word' id='word_1_277' title='bbox 384 2954 483 3016; x_wconf 81' lang='grc' dir='ltr'><strong><em>τὸν</em></strong></span> <span class='ocrx_word' id='word_1_278' title='bbox 520 2952 699 3016; x_wconf 79' lang='grc' dir='ltr'><strong><em>πλείω</em></strong></span> <span class='ocrx_word' id='word_1_279' title='bbox 734 2953 933 3039; x_wconf 78' lang='grc' dir='ltr'><strong><em>χρόνον</em></strong></span> <span class='ocrx_word' id='word_1_280' title='bbox 972 2952 1361 3034; x_wconf 79' lang='grc' dir='ltr'><strong><em>τεθησομένοις.</em></strong></span> <span class='ocrx_word' id='word_1_281' title='bbox 1434 2952 1536 3016; x_wconf 84' lang='lat' dir='ltr'><strong>vel</strong></span> <span class='ocrx_word' id='word_1_282' title='bbox 1567 2966 1716 3016; x_wconf 89' lang='lat' dir='ltr'><strong>sunt</strong></span> <span class='ocrx_word' id='word_1_283' title='bbox 1743 2951 2218 3038; x_wconf 81' lang='lat' dir='ltr'><strong>disputationes,</strong></span> <span class='ocrx_word' id='word_1_284' title='bbox 2249 2954 2402 3016; x_wconf 53' lang='lat' dir='ltr'><strong>stri·-</strong></span> 
     </span>
     <span class='ocr_line' id='line_1_32' title="bbox 206 3036 2405 3126; baseline 0 -24"><span class='ocrx_word' id='word_1_285' title='bbox 206 3049 337 3123; x_wconf 81' lang='lat' dir='ltr'><strong>ptoe</strong></span> <span class='ocrx_word' id='word_1_286' title='bbox 364 3036 631 3124; x_wconf 88' lang='lat' dir='ltr'><strong>quidem</strong></span> <span class='ocrx_word' id='word_1_287' title='bbox 657 3036 781 3102; x_wconf 80' lang='lat' dir='ltr'><strong>illae</strong></span> <span class='ocrx_word' id='word_1_288' title='bbox 816 3061 907 3124; x_wconf 88' lang='lat' dir='ltr'><strong>qu</strong></span> <span class='ocrx_word' id='word_1_289' title='bbox 996 3061 1095 3116; x_wconf 91' lang='lat' dir='ltr'><strong><em>ue,</em></strong></span> <span class='ocrx_word' id='word_1_290' title='bbox 1127 3037 1238 3101; x_wconf 82' lang='lat' dir='ltr'><strong><em>sed</em></strong></span> <span class='ocrx_word' id='word_1_291' title='bbox 1280 3038 1693 3126; x_wconf 79' lang='lat' dir='ltr'><strong>populariter,</strong></span> <span class='ocrx_word' id='word_1_292' title='bbox 1725 3061 1800 3102; x_wconf 80' lang='lat' dir='ltr'><strong>ea</strong></span> <span class='ocrx_word' id='word_1_293' title='bbox 1841 3038 2140 3116; x_wconf 83' lang='lat' dir='ltr'><strong>oratione,</strong></span> <span class='ocrx_word' id='word_1_294' title='bbox 2169 3061 2298 3126; x_wconf 82' lang='lat' dir='ltr'><strong>qua</strong></span> <span class='ocrx_word' id='word_1_295' title='bbox 2340 3039 2405 3102; x_wconf 89' lang='lat' dir='ltr'><strong><em>in</em></strong></span> 
     </span>
     <span class='ocr_line' id='line_1_33' title="bbox 206 3123 2403 3191; baseline 0.001 -5"><span class='ocrx_word' id='word_1_296' title='bbox 206 3123 606 3188; x_wconf 80' lang='lat' dir='ltr'><strong>sermonibus</strong></span> <span class='ocrx_word' id='word_1_297' title='bbox 632 3146 775 3188; x_wconf 86' lang='lat' dir='ltr'><strong>cum</strong></span> <span class='ocrx_word' id='word_1_298' title='bbox 802 3125 947 3188; x_wconf 78' lang='lat' dir='ltr'><strong>fam‘</strong></span> <span class='ocrx_word' id='word_1_299' title='bbox 978 3124 1211 3189; x_wconf 75' lang='lat' dir='ltr'><strong>laribus</strong></span> <span class='ocrx_word' id='word_1_300' title='bbox 1238 3137 1303 3188; x_wconf 89' lang='lat' dir='ltr'><strong><em>et</em></strong></span> <span class='ocrx_word' id='word_1_301' title='bbox 1328 3124 1393 3187; x_wconf 91' lang='lat' dir='ltr'><strong><em>in</em></strong></span> <span class='ocrx_word' id='word_1_302' title='bbox 1410 3124 1540 3188; x_wconf 83' lang='lat' dir='ltr'><strong>vita</strong></span> <span class='ocrx_word' id='word_1_303' title='bbox 1561 3123 1878 3188; x_wconf 86' lang='lat' dir='ltr'><strong>communi</strong></span> <span class='ocrx_word' id='word_1_304' title='bbox 1898 3123 2160 3189; x_wconf 86' lang='lat' dir='ltr'><strong>utimur.</strong></span> <span class='ocrx_word' id='word_1_305' title='bbox 2215 3125 2403 3191; x_wconf 82' lang='lat' dir='ltr'><strong>Conf.</strong></span> 
     </span>
     <span class='ocr_line' id='line_1_34' title="bbox 208 3209 1551 3296; baseline -0.001 -23"><span class='ocrx_word' id='word_1_306' title='bbox 208 3209 634 3296; x_wconf 87' lang='lat' dir='ltr'><strong>Xenophont.</strong></span> <span class='ocrx_word' id='word_1_307' title='bbox 666 3211 867 3274; x_wconf 89' lang='lat' dir='ltr'><strong>Mem.</strong></span> <span class='ocrx_word' id='word_1_308' title='bbox 902 3212 1077 3274; x_wconf 87' lang='lat' dir='ltr'><strong>Socr.</strong></span> <span class='ocrx_word' id='word_1_309' title='bbox 1110 3211 1231 3274; x_wconf 90' lang='lat' dir='ltr'><strong><em>IV.</em></strong></span> <span class='ocrx_word' id='word_1_310' title='bbox 1262 3231 1323 3294; x_wconf 86' lang='lat'><strong><em>3.</em></strong></span> <span class='ocrx_word' id='word_1_311' title='bbox 1354 3209 1551 3274; x_wconf 89' lang='lat' dir='ltr'><strong>initio.</strong></span> 
     </span>
    </p>

    <p class='ocr_par' dir='ltr' id='par_1_6' title="bbox 206 3295 2406 3548">
     <span class='ocr_line' id='line_1_35' title="bbox 292 3295 2404 3381; baseline 0 -22"><span class='ocrx_word' id='word_1_312' title='bbox 292 3295 541 3379; x_wconf 79' lang='grc' dir='ltr'><strong><em>λε’μβος]</em></strong></span> <span class='ocrx_word' id='word_1_313' title='bbox 575 3295 893 3381; x_wconf 66' lang='grc' dir='ltr'><strong><em>διαμαρτὼν</em></strong></span> <span class='ocrx_word' id='word_1_314' title='bbox 920 3302 1017 3359; x_wconf 83' lang='grc' dir='ltr'><strong><em>τοῦ</em></strong></span> <span class='ocrx_word' id='word_1_315' title='bbox 1046 3295 1285 3378; x_wconf 73' lang='grc' dir='ltr'><strong><em>λέμβου,</em></strong></span> <span class='ocrx_word' id='word_1_316' title='bbox 1316 3298 1405 3358; x_wconf 81' lang='grc' dir='ltr'><strong><em>ὃιοὶ</em></strong></span> <span class='ocrx_word' id='word_1_317' title='bbox 1434 3297 1498 3359; x_wconf 82' lang='grc' dir='ltr'><strong>τὸ</strong></span> <span class='ocrx_word' id='word_1_318' title='bbox 1535 3296 1712 3359; x_wconf 79' lang='grc' dir='ltr'><strong><em>νύκτα</em></strong></span> <span class='ocrx_word' id='word_1_319' title='bbox 1757 3295 1912 3374; x_wconf 68' lang='grc' dir='ltr'><strong><em>εἶναι,</em></strong></span> <span class='ocrx_word' id='word_1_320' title='bbox 1945 3296 2220 3380; x_wconf 74' lang='grc' dir='ltr'><strong><em>ἀπεπνίγη</em></strong></span> <span class='ocrx_word' id='word_1_321' title='bbox 2255 3298 2404 3381; x_wconf 85' lang='grc'><strong>883,</strong></span> 
     </span>
     <span class='ocr_line' id='line_1_36' title="bbox 206 3379 2406 3468; baseline -0 -22"><span class='ocrx_word' id='word_1_322' title='bbox 206 3403 355 3468; x_wconf 85' lang='lat' dir='ltr'><strong>pen.</strong></span> <span class='ocrx_word' id='word_1_323' title='bbox 434 3387 509 3454; x_wconf 72' lang='grc' dir='ltr'><strong><em>εἷς</em></strong></span> <span class='ocrx_word' id='word_1_324' title='bbox 538 3384 631 3446; x_wconf 80' lang='grc' dir='ltr'><strong><em>τὸν</em></strong></span> <span class='ocrx_word' id='word_1_325' title='bbox 660 3381 871 3464; x_wconf 78' lang='grc' dir='ltr'><strong><em>λέμβον</em></strong></span> <span class='ocrx_word' id='word_1_326' title='bbox 899 3383 1175 3464; x_wconf 73' lang='grc' dir='ltr'><strong><em>ἐμβαίνειν</em></strong></span> <span class='ocrx_word' id='word_1_327' title='bbox 1208 3381 1356 3461; x_wconf 89' lang='grc'><strong>884,</strong></span> <span class='ocrx_word' id='word_1_328' title='bbox 1386 3396 1449 3465; x_wconf 82' lang='grc'><strong><em>5.</em></strong></span> <span class='ocrx_word' id='word_1_329' title='bbox 1524 3379 1776 3458; x_wconf 75' lang='grc' dir='ltr'><strong><em>ἀπεσώθη</em></strong></span> <span class='ocrx_word' id='word_1_330' title='bbox 1807 3385 1860 3443; x_wconf 73' lang='grc' dir='ltr'><strong><em>ἐν</em></strong></span> <span class='ocrx_word' id='word_1_331' title='bbox 1898 3387 1981 3466; x_wconf 77' lang='grc' dir='ltr'><strong><em>τῷ</em></strong></span> <span class='ocrx_word' id='word_1_332' title='bbox 2023 3380 2224 3468; x_wconf 72' lang='grc' dir='ltr'><strong><em>λέμβῳ</em></strong></span> <span class='ocrx_word' id='word_1_333' title='bbox 2253 3401 2406 3468; x_wconf 88' lang='grc'><strong>910,</strong></span> 
     </span>
     <span class='ocr_line' id='line_1_37' title="bbox 210 3468 871 3548; baseline 0 -18"><span class='ocrx_word' id='word_1_334' title='bbox 210 3487 237 3530; x_wconf 86' lang='lat'>1</span> <span class='ocrx_word' id='word_1_335' title='bbox 256 3489 283 3530; x_wconf 92' lang='lat'>1</span> <span class='ocrx_word' id='word_1_336' title='bbox 299 3499 399 3534; x_wconf 89' lang='lat'><strong><em>.=</em></strong></span> <span class='ocrx_word' id='word_1_337' title='bbox 416 3468 479 3532; x_wconf 90' lang='lat' dir='ltr'>L</span> <span class='ocrx_word' id='word_1_338' title='bbox 534 3515 549 3530; x_wconf 94' lang='lat'><strong>.</strong></span> <span class='ocrx_word' id='word_1_339' title='bbox 584 3487 611 3529; x_wconf 93' lang='lat'>1</span> <span class='ocrx_word' id='word_1_340' title='bbox 665 3486 730 3547; x_wconf 91' lang='lat'><strong><em>0,</em></strong></span> <span class='ocrx_word' id='word_1_341' title='bbox 758 3488 803 3548; x_wconf 88' lang='lat'>4</span> <span class='ocrx_word' id='word_1_342' title='bbox 853 3515 871 3530; x_wconf 93' lang='lat'><strong>.</strong></span> 
     </span>
    </p>

    <p class='ocr_par' dir='ltr' id='par_1_7' title="bbox 290 3483 1732 3639">
     <span class='ocr_line' id='line_1_38' title="bbox 290 3483 1732 3639; baseline -0.003 -20"><span class='ocrx_word' id='word_1_343' title='bbox 290 3489 580 3638; x_wconf 68' lang='grc' dir='ltr'><strong><em>λέξις]γέκ</em></strong></span> <span class='ocrx_word' id='word_1_344' title='bbox 608 3483 935 3630; x_wconf 55' lang='grc' dir='ltr'><strong><em>ἑαῦτηςὸτῆς</em></strong></span> <span class='ocrx_word' id='word_1_345' title='bbox 962 3553 1161 3630; x_wconf 71' lang='grc' dir='ltr'><strong><em>λέξεως</em></strong></span> <span class='ocrx_word' id='word_1_346' title='bbox 1192 3557 1351 3630; x_wconf 80' lang='grc' dir='ltr'><strong><em>δῆλον</em></strong></span> <span class='ocrx_word' id='word_1_347' title='bbox 1381 3555 1439 3617; x_wconf 90' lang='grc' dir='ltr'><strong><em>Ι.</em></strong></span> <span class='ocrx_word' id='word_1_348' title='bbox 1472 3556 1612 3639; x_wconf 87' lang='grc'><strong>[17,</strong></span> <span class='ocrx_word' id='word_1_349' title='bbox 1645 3555 1732 3638; x_wconf 91' lang='grc'><strong><em>9.]</em></strong></span> 
     </span>
    </p>

    <p class='ocr_par' dir='ltr' id='par_1_8' title="bbox 200 3637 2410 3986">
     <span class='ocr_line' id='line_1_39' title="bbox 288 3637 2407 3724; baseline -0.002 -20"><span class='ocrx_word' id='word_1_350' title='bbox 288 3640 535 3723; x_wconf 75' lang='grc' dir='ltr'><strong><em>λεπτὸς]</em></strong></span> <span class='ocrx_word' id='word_1_351' title='bbox 567 3643 642 3702; x_wconf 80' lang='grc' dir='ltr'><strong><em>τοὶ</em></strong></span> <span class='ocrx_word' id='word_1_352' title='bbox 668 3644 853 3703; x_wconf 74' lang='grc' dir='ltr'><strong><em>λεπτοὶ</em></strong></span> <span class='ocrx_word' id='word_1_353' title='bbox 876 3645 1053 3703; x_wconf 84' lang='grc' dir='ltr'><strong><em>πλοῖα</em></strong></span> <span class='ocrx_word' id='word_1_354' title='bbox 1079 3644 1441 3721; x_wconf 80' lang='grc' dir='ltr'><strong><em>ὑπομενοῦμεν</em></strong></span> <span class='ocrx_word' id='word_1_355' title='bbox 1476 3659 1624 3724; x_wconf 88' lang='grc'><strong><em>219,</em></strong></span> <span class='ocrx_word' id='word_1_356' title='bbox 1664 3657 1760 3720; x_wconf 88' lang='grc'><strong><em>14.</em></strong></span> <span class='ocrx_word' id='word_1_357' title='bbox 1853 3641 2054 3716; x_wconf 75' lang='grc' dir='ltr'><strong><em>λεπτὴν</em></strong></span> <span class='ocrx_word' id='word_1_358' title='bbox 2083 3639 2178 3702; x_wconf 74' lang='grc' dir='ltr'><strong><em>καὶ</em></strong></span> <span class='ocrx_word' id='word_1_359' title='bbox 2207 3637 2407 3716; x_wconf 74' lang='grc' dir='ltr'><strong><em>ἄδηλον</em></strong></span> 
     </span>
     <span class='ocr_line' id='line_1_40' title="bbox 202 3723 2410 3813; baseline -0.001 -23"><span class='ocrx_word' id='word_1_360' title='bbox 202 3726 329 3813; x_wconf 67' lang='grc' dir='ltr'><strong><em>ἔχει</em></strong></span> <span class='ocrx_word' id='word_1_361' title='bbox 374 3731 464 3810; x_wconf 71' lang='grc' dir='ltr'><strong><em>τῷ</em></strong></span> <span class='ocrx_word' id='word_1_362' title='bbox 510 3725 857 3788; x_wconf 75' lang='grc' dir='ltr'><strong><em>κινδυνεύοντι</em></strong></span> <span class='ocrx_word' id='word_1_363' title='bbox 901 3729 997 3802; x_wconf 76' lang='grc' dir='ltr'><strong><em>τὴν</em></strong></span> <span class='ocrx_word' id='word_1_364' title='bbox 1041 3723 1357 3807; x_wconf 71' lang='grc' dir='ltr'><strong><em>ἀσφάλειαν</em></strong></span> <span class='ocrx_word' id='word_1_365' title='bbox 1394 3742 1585 3810; x_wconf 86' lang='grc'><strong>1472,</strong></span> <span class='ocrx_word' id='word_1_366' title='bbox 1621 3727 2000 3810; x_wconf 80' lang='grc' dir='ltr'><strong><em>13.·--λεπτὰ</em></strong></span> <span class='ocrx_word' id='word_1_367' title='bbox 2041 3723 2182 3812; x_wconf 78' lang='grc' dir='ltr'><strong><em>ἔργα</em></strong></span> <span class='ocrx_word' id='word_1_368' title='bbox 2213 3731 2284 3800; x_wconf 79' lang='grc' dir='ltr'><strong><em>είς</em></strong></span> <span class='ocrx_word' id='word_1_369' title='bbox 2312 3730 2410 3804; x_wconf 82' lang='grc' dir='ltr'><strong><em>τῆν</em></strong></span> 
     </span>
     <span class='ocr_line' id='line_1_41' title="bbox 200 3809 2408 3900; baseline -0 -26"><span class='ocrx_word' id='word_1_370' title='bbox 200 3815 432 3900; x_wconf 73' lang='grc' dir='ltr'><strong><em>ἀγορὰν</em></strong></span> <span class='ocrx_word' id='word_1_371' title='bbox 476 3809 810 3895; x_wconf 75' lang='grc' dir='ltr'><strong><em>ἐκφέρουσαν</em></strong></span> <span class='ocrx_word' id='word_1_372' title='bbox 851 3814 1097 3896; x_wconf 84' lang='grc' dir='ltr'><strong><em>γυναῖκα</em></strong></span> <span class='ocrx_word' id='word_1_373' title='bbox 1142 3809 1252 3874; x_wconf 88' lang='lat' dir='ltr'><strong><em>AE.</em></strong></span> <span class='ocrx_word' id='word_1_374' title='bbox 1294 3831 1397 3891; x_wconf 90' lang='lat'><strong><em>14,</em></strong></span> <span class='ocrx_word' id='word_1_375' title='bbox 1435 3813 1767 3897; x_wconf 77' lang='grc' dir='ltr'><strong><em>3.--ἁληθῆ</em></strong></span> <span class='ocrx_word' id='word_1_376' title='bbox 1811 3811 1936 3891; x_wconf 72' lang='grc' dir='ltr'><strong><em>μὶν,</em></strong></span> <span class='ocrx_word' id='word_1_377' title='bbox 1982 3815 2166 3874; x_wconf 79' lang='grc' dir='ltr'><strong><em>λεπτοὶ</em></strong></span> <span class='ocrx_word' id='word_1_378' title='bbox 2211 3813 2266 3876; x_wconf 68' lang='grc' dir='ltr'><strong>ὃὸ</strong></span> <span class='ocrx_word' id='word_1_379' title='bbox 2311 3811 2408 3874; x_wconf 71' lang='grc' dir='ltr'><strong><em>καὶ</em></strong></span> 
     </span>
     <span class='ocr_line' id='line_1_42' title="bbox 202 3899 1166 3986; baseline -0.004 -25"><span class='ocrx_word' id='word_1_380' title='bbox 202 3902 420 3986; x_wconf 78' lang='grc' dir='ltr'><strong><em>ἀκριβῆ</em></strong></span> <span class='ocrx_word' id='word_1_381' title='bbox 454 3899 541 3960; x_wconf 90' lang='grc' dir='ltr'><strong><em>Α.</em></strong></span> <span class='ocrx_word' id='word_1_382' title='bbox 580 3913 727 3976; x_wconf 85' lang='lat'>124,</span> <span class='ocrx_word' id='word_1_383' title='bbox 758 3917 859 3985; x_wconf 84' lang='lat'><strong><em>13.</em></strong></span> <span class='ocrx_word' id='word_1_384' title='bbox 1159 3951 1166 3957; x_wconf 88' lang='lat'><strong>.</strong></span> 
     </span>
    </p>

    <p class='ocr_par' dir='ltr' id='par_1_9' title="bbox 198 3979 2414 4323">
     <span class='ocr_line' id='line_1_43' title="bbox 288 3979 2410 4069; baseline -0.001 -22"><span class='ocrx_word' id='word_1_385' title='bbox 288 3985 473 4057; x_wconf 75' lang='grc' dir='ltr'><strong><em>λεῦκη</em></strong></span> <span class='ocrx_word' id='word_1_386' title='bbox 500 3979 781 4069; x_wconf 85' lang='lat' dir='ltr'><strong>populus</strong></span> <span class='ocrx_word' id='word_1_387' title='bbox 806 3983 969 4048; x_wconf 80' lang='lat' dir='ltr'><strong>alba.</strong></span> <span class='ocrx_word' id='word_1_388' title='bbox 1028 3981 1245 4057; x_wconf 73' lang='grc' dir='ltr'><strong><em>θιάσους</em></strong></span> <span class='ocrx_word' id='word_1_389' title='bbox 1274 3981 1746 4062; x_wconf 72' lang='grc' dir='ltr'><strong><em>ἐστεφανωμένους</em></strong></span> <span class='ocrx_word' id='word_1_390' title='bbox 1777 3981 1944 4069; x_wconf 71' lang='grc' dir='ltr'><strong><em>λεύκῃ</em></strong></span> <span class='ocrx_word' id='word_1_391' title='bbox 1975 3985 2068 4046; x_wconf 72' lang='grc' dir='ltr'><strong><em>καὶ</em></strong></span> <span class='ocrx_word' id='word_1_392' title='bbox 2104 3982 2410 4068; x_wconf 61' lang='grc' dir='ltr'><strong><em>ἆΙι’μαρυίθρυυ</em></strong></span> 
     </span>
     <span class='ocr_line' id='line_1_44' title="bbox 200 4046 2412 4157; baseline -0.001 -23"><span class='ocrx_word' id='word_1_393' title='bbox 200 4090 361 4156; x_wconf 84' lang='grc'><strong>313,</strong></span> <span class='ocrx_word' id='word_1_394' title='bbox 412 4068 910 4157; x_wconf 83' lang='lat' dir='ltr'><strong>24.=-..populus,</strong></span> <span class='ocrx_word' id='word_1_395' title='bbox 946 4068 1157 4146; x_wconf 76' lang='lat' dir='ltr'><strong>arbor,</strong></span> <span class='ocrx_word' id='word_1_396' title='bbox 1190 4067 1301 4132; x_wconf 82' lang='lat' dir='ltr'><strong>ubi</strong></span> <span class='ocrx_word' id='word_1_397' title='bbox 1344 4067 1626 4132; x_wconf 84' lang='lat' dir='ltr'><strong>solebant</strong></span> <span class='ocrx_word' id='word_1_398' title='bbox 1668 4066 1942 4132; x_wconf 83' lang='lat' dir='ltr'><strong>Athenis</strong></span> <span class='ocrx_word' id='word_1_399' title='bbox 1985 4067 2283 4134; x_wconf 88' lang='lat' dir='ltr'><strong>sectiones</strong></span> <span class='ocrx_word' id='word_1_400' title='bbox 2312 4046 2412 4131; x_wconf 69' lang='lat' dir='ltr'><strong><em>vei</em></strong></span> 
     </span>
     <span class='ocr_line' id='line_1_45' title="bbox 198 4153 2414 4244; baseline -0.002 -24"><span class='ocrx_word' id='word_1_401' title='bbox 198 4156 541 4222; x_wconf 81' lang='lat' dir='ltr'><strong>auctiones</strong></span> <span class='ocrx_word' id='word_1_402' title='bbox 566 4153 806 4233; x_wconf 67' lang='lat' dir='ltr'><strong>haberi,</strong></span> <span class='ocrx_word' id='word_1_403' title='bbox 834 4169 898 4220; x_wconf 92' lang='lat' dir='ltr'><strong><em>et</em></strong></span> <span class='ocrx_word' id='word_1_404' title='bbox 924 4153 1101 4220; x_wconf 89' lang='lat' dir='ltr'><strong>locus</strong></span> <span class='ocrx_word' id='word_1_405' title='bbox 1127 4155 1261 4242; x_wconf 85' lang='lat' dir='ltr'><strong>ipse</strong></span> <span class='ocrx_word' id='word_1_406' title='bbox 1288 4153 1435 4218; x_wconf 90' lang='lat' dir='ltr'><strong>inde</strong></span> <span class='ocrx_word' id='word_1_407' title='bbox 1465 4154 1552 4219; x_wconf 88' lang='lat' dir='ltr'><strong><em>sic</em></strong></span> <span class='ocrx_word' id='word_1_408' title='bbox 1579 4153 1809 4218; x_wconf 73' lang='lat' dir='ltr'><strong>dictus·</strong></span> <span class='ocrx_word' id='word_1_409' title='bbox 1875 4161 1926 4219; x_wconf 70' lang='lat' dir='ltr'><strong><em>oi</em></strong></span> <span class='ocrx_word' id='word_1_410' title='bbox 1949 4153 2414 4244; x_wconf 78' lang='grc' dir='ltr'><strong><em>παρασυλλεγέν-</em></strong></span> 
     </span>
     <span class='ocr_line' id='line_1_46' title="bbox 200 4242 1229 4323; baseline -0.004 -16"><span class='ocrx_word' id='word_1_411' title='bbox 200 4268 295 4318; x_wconf 86' lang='grc' dir='ltr'><strong><em>τες</em></strong></span> <span class='ocrx_word' id='word_1_412' title='bbox 322 4243 437 4307; x_wconf 67' lang='lat' dir='ltr'><strong><em>{ma</em></strong></span> <span class='ocrx_word' id='word_1_413' title='bbox 466 4244 567 4319; x_wconf 73' lang='grc' dir='ltr'><strong><em>τὴν</em></strong></span> <span class='ocrx_word' id='word_1_414' title='bbox 594 4242 793 4319; x_wconf 72' lang='grc' dir='ltr'><strong><em>λεύκην</em></strong></span> <span class='ocrx_word' id='word_1_415' title='bbox 824 4245 951 4306; x_wconf 90' lang='lat' dir='ltr'><strong><em>An.</em></strong></span> <span class='ocrx_word' id='word_1_416' title='bbox 990 4257 1094 4323; x_wconf 87' lang='lat'><strong><em>17,</em></strong></span> <span class='ocrx_word' id='word_1_417' title='bbox 1128 4261 1229 4322; x_wconf 87' lang='grc'><strong><em>24.</em></strong></span> 
     </span>
    </p>

    <p class='ocr_par' dir='ltr' id='par_1_10' title="bbox 200 4325 2412 4500">
     <span class='ocr_line' id='line_1_47' title="bbox 288 4325 2412 4411; baseline -0.003 -17"><span class='ocrx_word' id='word_1_418' title='bbox 288 4327 503 4394; x_wconf 73' lang='grc' dir='ltr'><strong><em>λευκὸν</em></strong></span> <span class='ocrx_word' id='word_1_419' title='bbox 544 4331 737 4411; x_wconf 80' lang='grc' dir='ltr'><strong><em>ζεῦγος</em></strong></span> <span class='ocrx_word' id='word_1_420' title='bbox 774 4329 841 4390; x_wconf 72' lang='grc' dir='ltr'><strong><em>ἐκ</em></strong></span> <span class='ocrx_word' id='word_1_421' title='bbox 884 4327 1161 4402; x_wconf 80' lang='grc' dir='ltr'><strong><em>Σικυῶνος</em></strong></span> <span class='ocrx_word' id='word_1_422' title='bbox 1201 4328 1355 4411; x_wconf 82' lang='lat'><strong>565,</strong></span> <span class='ocrx_word' id='word_1_423' title='bbox 1392 4342 1468 4410; x_wconf 85' lang='grc'><strong><em>27</em></strong></span> <span class='ocrx_word' id='word_1_424' title='bbox 1478 4329 1784 4405; x_wconf 78' lang='grc' dir='ltr'><strong><em>.-·-λευκὴν</em></strong></span> <span class='ocrx_word' id='word_1_425' title='bbox 1827 4327 2031 4406; x_wconf 74' lang='grc' dir='ltr'><strong><em>ἐσθῆτα</em></strong></span> <span class='ocrx_word' id='word_1_426' title='bbox 2075 4325 2271 4409; x_wconf 68' lang='grc' dir='ltr'><strong><em>λαβὼν</em></strong></span> <span class='ocrx_word' id='word_1_427' title='bbox 2317 4327 2412 4391; x_wconf 76' lang='grc' dir='ltr'><strong><em>καὶ</em></strong></span> 
     </span>
     <span class='ocr_line' id='line_1_48' title="bbox 200 4412 1435 4500; baseline -0.003 -20"><span class='ocrx_word' id='word_1_428' title='bbox 200 4412 717 4500; x_wconf 73' lang='grc' dir='ltr'><strong><em>στεφανωσάμενος</em></strong></span> <span class='ocrx_word' id='word_1_429' title='bbox 746 4414 1017 4491; x_wconf 69' lang='grc' dir='ltr'><strong><em>ἐβουθύτει</em></strong></span> <span class='ocrx_word' id='word_1_430' title='bbox 1048 4413 1163 4478; x_wconf 83' lang='lat' dir='ltr'><strong><em>AE.</em></strong></span> <span class='ocrx_word' id='word_1_431' title='bbox 1199 4416 1305 4496; x_wconf 90' lang='lat'><strong><em>64,</em></strong></span> <span class='ocrx_word' id='word_1_432' title='bbox 1332 4414 1435 4500; x_wconf 86' lang='lat'><strong><em>38.</em></strong></span> 
     </span>
    </p>

    <p class='ocr_par' dir='ltr' id='par_1_11' title="bbox 257 4499 1734 4588">
     <span class='ocr_line' id='line_1_49' title="bbox 257 4499 1734 4588; baseline -0.003 -22"><span class='ocrx_word' id='word_1_433' title='bbox 257 4569 265 4574; x_wconf 76' lang='grc'><strong>,</strong></span> <span class='ocrx_word' id='word_1_434' title='bbox 292 4500 565 4584; x_wconf 82' lang='grc' dir='ltr'><strong><em>λευκοῦν]</em></strong></span> <span class='ocrx_word' id='word_1_435' title='bbox 600 4499 1007 4584; x_wconf 76' lang='grc' dir='ltr'><strong><em>λελευκωμένον</em></strong></span> <span class='ocrx_word' id='word_1_436' title='bbox 1032 4503 1419 4588; x_wconf 78' lang='grc' dir='ltr'><strong><em>γραμματεῖον</em></strong></span> <span class='ocrx_word' id='word_1_437' title='bbox 1458 4519 1481 4562; x_wconf 93' lang='lat'>1</span> <span class='ocrx_word' id='word_1_438' title='bbox 1499 4517 1642 4585; x_wconf 89' lang='grc'><strong>132,</strong></span> <span class='ocrx_word' id='word_1_439' title='bbox 1676 4499 1734 4562; x_wconf 90' lang='grc'><strong><em>8.</em></strong></span> 
     </span>
    </p>
   </div>
  </div>
 </body>
</html>
