2975 4967
1013 232 1655 301 GRAECITATIS.
2312 240 2438 323 447

221 406 362 497 σ’ςδς
389 405 484 471 τδν
511 405 770 555 ἄρξοντα
795 420 906 491 59,
939 424 1040 492 23.
1127 412 1336 557 φανεῖὰ
1363 410 1440 471 τὰ
1469 404 1601 471 ὄντα
1630 407 2011 487 καταστήσειν
2038 412 2167 491 ὑμῖν
2192 412 2301 493 67,
2332 427 2431 521 25.

221 498 308 577 με)
335 494 614 579 τραχυνθε
635 520 662 569 ς
691 500 764 566 εἷς
795 496 962 578 ὀργὴν
987 518 1260 556 καταοτα
1281 520 1342 571 ην
1367 493 1503 577 πρὸς
1529 495 1697 559 αὐτὸν
1726 510 1835 581 73,
1872 514 1973 559 11.
2060 500 2208 577 ὑμᾶς
2235 501 2433 573 αὐτους

221 582 556 668 βςαβευτοὶς
599 578 858 644 ἁπάντων
900 578 1308 657 καταστήσατε
1352 580 1460 661 78,
1496 581 1600 645 28.
1690 585 1761 655 είς
1806 582 2075 659 διαβολὰς
2104 584 2200 645 καὶ
2232 584 2432 669 λόγους

223 668 505 743 καθιστὰς
541 666 684 744 108,
719 670 922 733 2.=3v
949 666 1184 752 διαφορᾷ
1210 672 1561 743 καταστῆναι
1602 666 1677 741 οἷς
1710 668 1919 745 ἥκιστα
1958 672 2126 755 έχρῆν
2154 670 2247 733 Α.
2282 690 2307 731 1
2326 689 2431 748 11,

223 755 340 839 38.
435 754 527 817 τὸν
553 752 756 837 ἀγῶνά
781 776 878 833 μοι
907 752 1039 837 πρὸς
1070 754 1291 828 τούτους
1337 759 1687 830 καταστῆναι
1724 772 1871 833 111,
1898 772 2007 835 40.
2096 756 2251 819 αὐτοὶ
2284 754 2430 819 οὗτοι

227 844 572 905 καθεστᾶσιν
621 837 886 903 ἀντίδικοι
929 839 1026 901 καὶ
1073 842 1242 921 φονεῖς
1286 844 1384 903 τοῦ
1425 842 1633 925 πατρὸς
1686 859 1713 901 1
1730 860 1830 919 11,
1860 859 1967 920 42.
2054 846 2329 920 παλλακὴ
2370 840 2431 919 ἧν

227 931 404 1012 αὐτῷ,
436 924 497 1003 ἣν
525 926 611 989 ἐπὶ
639 928 878 1011 πορνεῖον
907 922 1112 1006 ἔμελλε
1141 925 1521 1003 καταστήσειν
1557 944 1585 988 1
1602 946 1703 1012 13,
1733 942 1801 1010 5.
1874 926 2135 1001 ἑκουσίως
2164 929 2328 1003 αὐτὸς
2358 932 2431 1003 εἰς

227 1011 467 1077 κίνδυνον
495 1014 794 1085 καταστὰς
835 1012 982 1090 118,
1001 1031 1068 1091 4.
1152 1012 1404 1097 χορηγὸς
1444 1010 1793 1089 κατεστάθην
1832 1016 1905 1087 εἰς
1932 1014 2249 1098 Θαργήλια
2284 1034 2430 1095 142,

224 1102 458 1184 31.=6
483 1098 588 1179 μὲν
615 1095 773 1180 ἀγὼν
802 1100 856 1159 ἓν
886 1101 966 1182 τῷ
992 1099 1110 1183 ἐμῷ
1136 1096 1362 1179 σώματι
1391 1096 1749 1174 καθέστηκεν.
1796 1097 1863 1161 in
1901 1120 2043 1165 mea
2076 1098 2265 1165 solius
2294 1124 2436 1189 per-

209 1208 382 1251 -sona
405 1183 708 1263 consistit,
736 1183 1094 1247 continetur
1118 1185 1254 1247 An.
1288 1203 1391 1264 14,
1427 1184 1529 1247 16.
1618 1190 1692 1259 εἰς
1719 1184 1905 1248 πενίαν
1930 1190 2142 1265 πολλὴν
2170 1188 2267 1251 καὶ
2298 1192 2435 1253 ἆτο-

226 1271 354 1359 ρίαν
383 1268 664 1347 κατέστην
697 1270 800 1351 18,
829 1290 934 1351 42.
1025 1274 1098 1344 εἰς
1127 1270 1218 1333 τὸν
1248 1268 1482 1333 κίνδυνον
1522 1270 1794 1349 έθελοντὴς
1828 1272 2196 1337 καθίστασθαι
2234 1294 2289 1351 1,
2328 1294 2432 1361 13.

227 1372 296 1443 5,
329 1372 436 1441 27.
497 1360 551 1419 έν
581 1358 676 1442 οἴῳ
704 1356 926 1443 κινδύνῳ
953 1381 1015 1420 τε
1045 1356 1144 1420 καὶ
1171 1359 1290 1438 ἇμη
1343 1354 1474 1443 ανίᾳ
1502 1354 1811 1421 καθέστατε
1844 1377 1948 1437 20,
1979 1376 2088 1445 37.
2142 1363 2332 1425 ἑαυτὸν
2360 1366 2434 1435 εἷς

225 1448 292 1509 τὸ
318 1446 494 1525 μέσον
522 1448 884 1519 καταστῆσαι
913 1441 1012 1507 sui
1039 1441 1282 1529 copiam
1331 1464 1531 1521 acere,
1600 1442 1808 1507 rodite
1828 1444 1893 1508 in
1916 1444 2216 1523 medium,
2242 1460 2435 1533 eaput

225 1529 524 1619 periculis
567 1528 860 1615 objicere,
903 1548 1009 1607 20,
1047 1549 1150 1609 14.
1235 1528 1402 1592 πλέον
1449 1528 1480 1607 ἢ
1526 1466 1655 1593 ὅου
1698 1555 1791 1611 μοι
1840 1530 2199 1609 κατέστησαν
2238 1554 2431 1620 quam

227 1616 456 1704 quanti
481 1614 636 1679 mihi
663 1614 1068 1681 constiterant
1106 1634 1214 1694 21,
1248 1616 1344 1679 16.
1433 1616 1613 1690 ἵπεις
1650 1616 1776 1680 τότε
1819 1625 2033 1705 πρῶτον
2079 1618 2433 1695 κατεστησά-

225 1705 378 1785 μεθα
421 1701 830 1781 instituimus,
874 1701 1180 1789 coepimus
1229 1725 1304 1765 eo
1345 1724 1575 1789 genere
1622 1700 1860 1767 militiae
1908 1703 2005 1769 uti
2058 1724 2163 1785 24,
2208 1704 2272 1768 8.
2324 1724 2430 1772 22.

227 1792 522 1874 έγγυητοὶς
549 1788 898 1853 καθιστάνειν
917 1805 982 1872 7,
1002 1788 1430 1875 3.;-οἰνῶνυμον
1459 1788 1821 1866 κατέστησαν
1847 1794 1943 1869 τὴν
1964 1798 2171 1855 ἑαυτῶν
2191 1790 2433 1877 κατρίδα

227 1876 312 1941 L.
349 1895 498 1959 191,
521 1890 586 1960 5.
675 1874 898 1960 ἐνόχους
935 1880 1300 1951 καταστῆσαι
1339 1878 1452 1947 τοῖς
1491 1873 1697 1953 βιαίοις
1732 1878 1877 1959 167,
1905 1895 2013 1962 33.
2103 1882 2282 1961 ἑαυτῷ
2310 1876 2433 1957 βίον

227 1962 478 2027 ἐπίπονον
512 1979 658 2045 192,
689 1976 755 2043 7.
845 1960 1216 2047 δημοκρατίαν
1251 1961 1673 2039 κατεστήσαντο
1711 1980 1854 2047 192,
1894 1980 1990 2048 15.
2079 1966 2153 2036 εἰς
2182 1964 2435 2040 ἀνάγκην

227 2054 336 2133 96,
365 2067 473 2134 33.
551 2052 624 2121 εἰς
651 2052 852 2129 ἀγῶνα
886 2066 1033 2126 100,
1060 2062 1166 2197 3115.
1240 2054 1315 2121 εἰς
1345 2045 1579 2111 κίνδυνον
1616 2066 1759 2128 102,
1788 2068 1892 2129 42.
1968 2054 2065 2129 τὴν
2093 2049 2252 2112 πόλιν
2280 2048 2433 2113 civi-

227 2149 426 2199 tatem
469 2157 507 2197 e
551 2132 754 2197 turbis
795 2131 944 2197 belli
983 2133 1097 2197 civ'
1127 2132 1182 2196 is
1219 2155 1440 2197 rursus
1465 2132 1549 2197 ad
1578 2156 1795 2221 pacem
1824 2156 2114 2201 revocare
2150 2138 2295 2214 106,
2330 2154 2430 2217 24.

227 2220 326 2305 ἕως
354 2223 422 2283 τὸ
449 2224 698 2305 πρᾶγμα
739 2218 1079 2297 κατασταίη.
1124 2219 1322 2283 donec
1367 2219 1573 2283 turbae
1613 2222 2145 2308 conquiescerent,
2174 2234 2239 2285 et
2270 2244 2433 2308 resp.

225 2306 312 2371 ad
339 2306 678 2393 pristinum
705 2316 938 2371 statum
967 2304 1199 2371 rediret
1231 2324 1375 2391 132,
1410 2307 1468 2369 8.
1545 2306 1767 2382 τούτους
1794 2306 1867 2371 αὗ
1898 2307 2257 2371 καθίσταντο.
2296 2306 2436 2373 illos

225 2408 452 2459 eontra
483 2392 550 2457 in
579 2391 1114 2457 administratione
1139 2392 1296 2479 reip.
1325 2390 1713 2457 collocabant
1747 2394 1891 2479 158,
1916 2410 2023 2481 37.
2087 2397 2199 2467 τοῖς
2230 2398 2302 2467 εἰς
2330 2397 2436 2471 τὰς

225 2480 497 2555 τοιαύτας
527 2478 760 2563 ἀπορίας
793 2480 1092 2543 καθιστᾶσι
1121 2498 1148 2542 1
1163 2480 1268 2564 85,
1297 2498 1398 2559 24.
1444 2478 1641 2562 [istoec
1664 2477 1909 2567 Taylor
1934 2478 2209 2544 exhibet..
2255 2480 2435 2567 πόρρω

225 2567 322 2631 τὸν
350 2564 597 2648 πόλεμον
627 2564 986 2643 κατέστησαν
1023 2580 1169 2650 197,
1205 2584 1308 2651 13.
1365 2566 1629 2647 ἀδελφοὺς
1659 2566 1885 2653 ἐρήμους
1921 2582 2066 2651 197,
2096 2585 2198 2631 21.
2262 2592 2437 2645 τιμω-

227 2652 353 2739 ςίας
380 2651 656 2735 μεγάλας
690 2670 835 2731 100,
871 2652 934 2716 8.
1021 2654 1098 2715 τὰ
1125 2650 1450 2738 πραχθέντα
1479 2651 1643 2735 κῦρια
1671 2652 1838 2739 ψήφῳ
1872 2672 1903 2715 1
1922 2667 2023 2737 15,
2058 2670 2160 2717 12.
2242 2651 2435 2715 οὐσίαν

227 2744 410 2817 ἀφανῆ
448 2740 594 2815 160,
627 2739 689 2802 8.
778 2740 1014 2825 φανερὰν
1041 2753 1192 2822 907,
1222 2757 1288 2817 4.
1355 2736 1476 2801 hoc
1506 2736 1729 2825 utique
1755 2738 1930 2824 quod
1968 2760 2085 2803 nos
2118 2738 2439 2825 realizing

227 2824 330 2889 his
358 2834 577 2890 estate.
623 2830 672 2888 οἱ
700 2824 1000 2910 τριάκοντα
1029 2823 1384 2901 κατέστησαν
1418 2842 1569 2909 133,
1602 2841 1663 2889 2.
1737 2826 2163 2901 κατεστάθησαν
2197 2843 2339 2910 133,
2370 2844 2435 2905 4.

228 2916 534 2987 καταστὰς
564 2911 816 2996 χορηγὸς
859 2912 1003 2988 161,
1031 2928 1140 2995 34.
1215 2911 1361 2989 162,
1399 2930 1452 2973 1.
1542 2909 1811 2985 roifrro‘n
1844 2907 2259 2992 καθισταμένοις
2286 2910 2434 2993 πρά-

227 3022 426 3081 γμασι
468 3017 616 3083 131,
647 3011 760 3082 35.
849 2997 1004 3070 &mk
1033 3001 1088 3059 έν
1117 2994 1258 3059 οὕτω
1292 2998 1440 3081 δεινῷ
1476 2996 1811 3073 καθέστηκεν
1855 3012 1999 3082 152,
2030 3015 2135 3082 34.
2195 2996 2435 3059 sedare.

227 3083 474 3170 ἐτάραξε
511 3085 614 3165 μὲν
653 3082 806 3157 οὗτος
843 3086 940 3159 τὴν
977 3082 1159 3160 πόλιν,
1192 3082 1584 3161 κατεστήσατε
1614 3083 1669 3145 ὃὸ
1699 3086 1851 3163 ὑμεῖς
1888 3085 2031 3160 106,
2066 3100 2167 3162 24.
2206 3082 2433 3146 TAYL.

238 3169 656 3233 τ-καθιστᾶναι
699 3174 773 3242 εἰς
807 3172 1004 3252 ἀγῶνα
1041 3169 1166 3255 Ly.
1207 3168 1350 3248 148,
1384 3183 1449 3250 7.
1540 3172 1613 3242 εἷς
1645 3168 1827 3255 κςίσιν
1854 3173 2030 3247 κοινὴν
2065 3168 2209 3248 148,
2242 3171 2425 3233 26.:

226 3254 514 3329 συνοίκους
543 3258 744 3329 ἑαυτὰς
777 3254 1134 3331 κατέστησαν
1163 3255 1322 3319 Deae
1350 3253 1735 3319 venerabiles
1762 3255 1847 3317 D.
1883 3275 2027 3335 101,
2064 3256 2159 3319 18.
2221 3258 2437 3333 πολλὴν

194 3341 554 3421 ,ἀσφάλειαν
581 3356 646 3405 et
675 3340 762 3417 ἔθη
791 3348 1028 3405 τοιαῦτα
1063 3359 1212 3426 103,
1241 3358 1346 3425 43.
1374 3355 1486 3425 45.

317 3428 687 3511 *καθοδηγεῒν
715 3430 850 3491 An.
881 3429 944 3505 6,
971 3442 1077 3514 37.

317 3516 722 3599 καθομολογεῖν
748 3512 1094 3591 condicere,
1125 3512 1400 3601 recipere
1435 3514 1623 3596 1287,
1663 3533 1763 3598 13.

319 3599 696 3686 καθοπλίζειν]
749 3598 1096 3675 καθοπλίσας
1122 3602 1247 3685 τῇδε
1275 3604 1342 3685 τῇ
1371 3598 1655 3685 πανοπλίᾳ
1684 3600 1792 3663 AE.
1826 3613 1931 3683 75,
1961 3617 2064 3685 33.

320 3685 812 3773 καθυποκρίνεσθαί
845 3712 972 3749 τινα
1013 3685 1388 3751 histrionicis
1413 3684 1992 3763 declamationibuS,
2023 3684 2439 3772 gesticulatio-

227 3772 422 3837 nibus
459 3786 528 3921 ξι
571 3771 905 3860 praestigiis
945 3771 1216 3859 aliquem
1261 3772 1573 3860 decipere,
1608 3771 1793 3859 eique
1832 3772 2157 3839 veritatem
2200 3770 2438 3859 eripere

425 3879 452 3921 1
508 3905 527 3921 .
1842 3908 1847 3917 .

224 3879 658 4027 4’Διῗέιθυιριένακ
705 3944 1066 4024 καθυφίεσθαι
1101 3944 1417 4011 remittere
1456 3944 1696 4033 aliquid
1740 3945 1823 4011 de
1864 3944 2077 4011 studio
2102 3968 2239 4023 suo,
2270 3942 2435 4031 pati-

227 4053 380 4130 que,
413 4054 522 4095 seu
559 4053 676 4117 per
713 4030 1034 4096 mollitiem
1079 4031 1484 4119 segnitiemve
1527 4054 1731 4111 suam,
1762 4055 1873 4096 seu
1901 4031 1965 4095 in
1995 4031 2261 4118 gratiam
2292 4029 2442 4095 alte-

225 4140 388 4195 nus,
417 4116 664 4203 aliquid
691 4141 952 4182 suorum
980 4118 1098 4183 sibi
1127 4118 1305 4219 eripi,
1333 4132 1446 4182 aut
1467 4116 1631 4183 elabi
1700 4139 1769 4196 0,
1802 4136 1906 4199 24.
1972 4116 2349 4181 colludendo
2376 4130 2441 4181 et

226 4202 628 4269 connivendo
656 4204 846 4269 alicui
881 4204 1122 4315 aliquid
1165 4204 1470 4291 injustum
1514 4203 1669 4268 indu
1693 4228 1842 4291 gere
1880 4206 2027 4281 206,
2066 4220 2166 4287 17.
2255 4208 2335 4289 τῷ
2362 4206 2439 4284 μὴ

225 4291 548 4377 καθυφεῖναι
593 4297 782 4355 ταῦτα
823 4316 1160 4377 σεμνυνομαι
1193 4292 1342 4369 262,
1379 4310 1486 4357 12.
1576 4294 1765 4377 καιρὸν
1807 4289 2125 4372 καθυφιέναι
2152 4294 2265 4365 τοῖς
2294 4292 2443 4353 ἔναν-

224 4374 490 4465 τίοις,καὶ
516 4376 806 4463 προδόταις
833 4397 988 4464 343,
1012 4399 1080 4463 3.
1171 4404 1232 4445 κ.
1259 4378 1354 4441 τὸν
1378 4381 1581 4465 ἀγῶνα
1607 4376 1839 4452 πεισθεὶς
1866 4376 2115 4465 ἀργυρίῳ
2146 4375 2328 4461 ὁπόσῳ
2357 4374 2444 4451 δή·

225 4488 382 4529 ποτε.
427 4462 744 4545 omittere,
767 4462 970 4535 sinere
995 4464 1064 4529 in
1091 4462 1468 4529 oblivionem
1493 4462 1666 4529 abire
1692 4466 1848 4549 526,
1874 4464 1975 4531 26.
2036 4465 2441 4545 ἀπαλλαγῆναι

1255 4570 1446 4637 ⁶84
