2975 4967
541 232 674 303 612
1155 250 1166 269 ,
1435 191 1439 195 ’
1489 232 1807 301 INDEX

540 406 676 471 σθαι
701 410 962 483 τοιαῦτα,
989 403 1078 469 οἶα
1105 408 1250 485 ἡμᾶς
1288 422 1474 491 1090,
1506 404 2071 490 6.εφιλοτιμὸτερον
2100 402 2290 488 ἕξομεν
2328 403 2453 483 τοὺς
2492 431 2754 494 παρανο-

539 498 781 573 μοῦντας
809 490 1081 573 ἐξετάζειν
1110 490 1220 553 AE.
1256 507 1362 574 27,
1392 489 1505 556 ult.
1520 496 1629 569 εὴ
1672 489 1931 579 ἐμπειρία
1972 497 2081 554 τῶν
2122 493 2617 576 παρανομουμὸνων
2647 498 2757 562 Α.

547 592 698 659 127,
729 580 1258 663 23.-..παρανομεί“ν
1287 580 1360 652 εἲς
1388 581 1586 643 ἐκεῖνον
1614 577 1693 640 L.
1725 576 1834 661 98,
1860 594 1925 645 2.

627 660 971 750 παρανομῖἆ]
1010 666 1055 725 εἰ
1082 666 1159 726 τοὶ
1189 662 1277 725 διαὶ
1303 668 1397 741 τῆς
1419 662 1767 752 παρανομίας
1788 661 2175 743 συμβαίνοντα
2194 662 2297 749 πρὸ
2319 670 2427 727 τῶν
2448 666 2753 750 ὀφθαλμῶν

543 750 669 830 ύμῖν
697 751 883 821 αὐτοῖς
910 748 1264 831 ποιησάμενοι
1295 750 1621 833 θεωρῆσαιτε
1654 748 1802 827 808,
1836 765 1899 828 7.

626 833 968 921 παράνομος]
1001 836 1066 897 τὸ
1090 834 1268 921 χάριν
1297 838 1589 899 ἇποὸοῦναι
1625 834 1958 919 παρανόμων
2001 833 2215 921 γράφῃ,
2244 832 2397 898 citat
2426 836 2749 937 Hermog.

539 941 608 1007 p.
631 937 781 1004 294.
811 942 892 985 ex
921 922 1037 985 Or.
1067 942 1186 1007 pro
1210 921 1484 1000 Corona,
1509 936 1575 985 et
1592 920 1876 985 Thomas
1900 920 2002 985 M.
2019 943 2087 985 v.
2104 917 2434 1009 παρανόμων
2461 943 2498 985 e
2518 922 2751 1011 Lepu-

538 1027 679 1071 nea.
769 1006 984 1070 Locus
1010 1018 1104 1071 est
1129 1028 1192 1095 p.
1221 1010 1368 1091 267,
1399 1009 1462 1071 6.
1552 1010 1599 1071 εἰ
1625 1006 1977 1094 παρανόμων,
2005 1006 2037 1085 ἢ
2064 1006 2551 1093 παραπρεσβείας,
2574 1009 2610 1087 ἥ
2642 1035 2746 1073 τι-

541 1114 626 1167 νος
653 1087 834 1169 ἄλλης
870 1091 1122 1169 τοιαύτης
1161 1092 1372 1171 αἰτίας,
1405 1091 1640 1175 ἔμελλον
1682 1096 1857 1157 αὐτοῦ
1896 1094 2225 1180 κατηγορεῖν
2265 1107 2419 1178 515,
2451 1108 2552 1175 27.
2585 1108 2743 1180 790,

543 1195 648 1262 19.
733 1175 1024 1261 γενομένου
1073 1184 1170 1241 τοῦ
1221 1176 1585 1260 ψηφίσματος
1628 1179 1725 1241 καὶ
1770 1176 1968 1252 οὖδενδς
2013 1177 2362 1263 γραφομένου
2404 1179 2744 1276 παρανόμων

544 1281 736 1347 1149,
785 1262 1302 1360 13.=oeapoevo'p.m
1346 1263 1565 1351 γραφαὶ
1656 1285 1804 1327 uam
1848 1264 1973 1329 sint
2013 1262 2375 1350 reipublicae
2416 1264 2626 1345 unies,
2668 1280 2743 1333 et

537 1361 778 1435 quanta
801 1348 878 1412 ils
901 1346 1049 1413 insit
1075 1347 1170 1413 vis
1195 1348 1278 1413 ad
1307 1348 1611 1413 tuendam
1670 1348 1995 1415 ibertatem
2036 1348 2302 1427 civilem,
2332 1349 2595 1415 docetur
2620 1350 2740 1417 AE.

535 1452 648 1520 54,
681 1452 784 1501 20.
815 1456 953 1519 sqq.
1013 1433 1160 1498 λύειν
1186 1440 1289 1508 τὰς
1316 1434 1663 1521 παρανόμους
1690 1435 1921 1520 γνώμας
1940 1448 2051 1521 54,
2162 1434 2325 1501 nult.
2367 1433 2525 1521 γένος
2550 1463 2742 1544 παρα-

537 1519 854 1604 νομώτατον
883 1520 988 1599 68,
1014 1520 1124 1605 38.
1211 1520 1545 1607 παρανόμων
1573 1523 1799 1607 γραφὰς
1826 1525 2038 1586 ἀνεῖλον
2117 1542 2175 1601 1,
2210 1542 2237 1585 1
2298 1568 2315 1586 .
2401 1520 2466 1586 τδ
2492 1548 2539 1585 π
2608 1548 2743 1586 ανο-

533 1631 660 1687 μον,
678 1604 1096 1671 controversia
1121 1604 1204 1673 de
1231 1605 1446 1693 legum
1465 1604 1799 1671 violatione
1824 1630 1939 1695 per
1967 1605 2218 1673 decreta
2266 1605 2487 1694 egibus
2512 1630 2551 1671 a
2596 1630 2740 1673 ver-

537 1691 736 1757 santia
787 1692 894 1772 81,
921 1711 1026 1778 3ο.
1073 1692 1182 1771 82,
1235 1712 1336 1777 15.
1425 1691 1757 1769 ἐξαιτεῖσθαι
1802 1698 1905 1768 τοὶς
1948 1697 2176 1781 γραφεὶς
2222 1701 2331 1757 τῶν
2373 1692 2735 1778 παρανόμων,

535 1778 825 1864 precibus
852 1799 1102 1843 movere
1127 1791 1388 1857 actores,
1419 1791 1493 1842 ut
1520 1778 1813 1858 actiones,
1840 1802 2000 1865 quas
2024 1778 2363 1843 intendunt
2380 1774 2458 1843 in
2484 1777 2737 1866 aliquos

535 1862 723 1929 titulo
751 1877 1188 1929 temeraturum
1217 1863 1452 1951 legum,
1481 1862 1775 1929 omittant
1802 1866 1909 1945 82,
1942 1865 2005 1929 8.
2076 1870 2107 1942 ἦ
2132 1863 2312 1951 ἡμέρα
2340 1866 2625 1949 διαιρεῖται
2654 1869 2736 1939 εἷς

533 1948 666 2037 τρία
692 1950 853 2035 μέρή,
885 1949 1015 2013 ὅταν
1045 1948 1182 2035 εἰσίῃ
1211 1951 1545 2037 παρανόμων
1572 1953 1760 2035 γραφὴ
1792 1954 1863 2023 εἰς
1891 1950 1954 2015 τὸ
1984 1950 2329 2037 δικαστήριον
2360 1948 2465 2031 82,
2500 1968 2601 2017 12.
2660 1952 2733 2014 τὸ

531 2034 847 2121 παράνομον
869 2034 1036 2115 λύειν,
1053 2034 1348 2121 expedire
1368 2034 1714 2101 decretoria.
1740 2035 1753 2049 ⁰
1766 2034 2023 2101 udicum
2052 2035 2357 2101 sententia
2374 2049 2735 2101 controver-

533 2118 709 2199 siam,
739 2119 1146 2200 contrariane,
1176 2143 1258 2184 an
1286 2134 1698 2187 consentanea
1728 2058 1979 2209 iegibus
2014 2144 2160 2186 reus
2202 2121 2449 2186 sciverit
2476 2122 2583 2199 82,
2623 2136 2731 2208 15.

535 2206 644 2291 83,
681 2206 778 2271 18.
849 2208 982 2295 πρὸς
1007 2207 1070 2271 τὸ
1099 2207 1416 2293 παράνομον
1449 2209 1871 2291 ἀπολογεῖσθαι,
1902 2206 2213 2295 depellere
2254 2232 2295 2271 a
2336 2230 2401 2271 se
2442 2206 2734 2272 crimina-

532 2290 764 2357 tionem
792 2290 1007 2379 legum
1037 2307 1478 2359 temeraturum
1510 2294 1617 2378 83,
1648 2311 1753 2369 20.
1838 2298 1915 2375 μὴ
1946 2296 2073 2376 ᾆᾶτε
2100 2295 2265 2357 αὐτὸν
2294 2290 2397 2371 ἔξω
2416 2299 2514 2357 τοῦ
2542 2320 2735 2381 παρα-

533 2378 696 2461 νόμου
725 2378 927 2461 λόγους
951 2378 1341 2466 περιΐστασθαι
1371 2380 1478 2465 83,
1506 2378 2027 2464 24.-..-·παρανύμων
2052 2377 2207 2463 (scil.
2232 2378 2412 2466 δίκην)
2432 2378 2732 2463 φεύγοντος

529 2470 628 2529 τοῦ
657 2466 827 2529 αὐτοῦ
854 2466 1041 2553 ἀνδρὸς
1071 2465 1157 2529 L.
1195 2480 1340 2550 150,
1369 2484 1614 2549 32.=·n
1690 2464 1903 2547 ανόμοον
1932 2466 2152 2552 γραφαὶ
2182 2466 2309 2551 Ly.
2350 2464 2495 2545 148,
2525 2484 2719 2549 30.=

531 2548 703 2699 δεινέὶς
751 2551 847 2698 {a}
893 2550 1239 2638 παρανόμους
1282 2492 1743 2635 συμβουλὰςαὶ).
1785 2553 1893 2635 96,
1944 2554 2042 2616 16.
2129 2548 2459 2637 παρανόμων
2502 2552 2730 2637 γραφαὶ

535 2652 618 2705 10
661 2682 685 2716 ,
715 2654 754 2703 α
802 2682 816 2699 .

616 2718 977 2810 παρανόμως]
1021 2720 1349 2810 παρανόμως
1393 2723 1489 2787 καὶ
1532 2724 1799 2805 ἀσελγῶς
1844 2720 2039 2805 ἔχουσι
2083 2724 2160 2784 τοὶ
2198 2720 2481 2807 χρήματα
2524 2720 2584 2785 I.
2616 2720 2730 2805 80,

527 2807 1193 2895 40.--παρανομωτέρως
1235 2809 1371 2873 An.
1409 2825 1520 2893 32,
1542 2823 1619 2955 'Z’
1632 2836 1697 2867 ε
1710 2808 2031 2881 διατεθέντες
2072 2804 2215 2871 οὕτω
2256 2806 2583 2893 παρανόμως
2626 2808 2731 2871 καὶ

528 2890 751 2973 βιαίας.
793 2892 1046 2981 praediti
1071 2892 1280 2957 animo
1307 2905 1436 2957 tam
1465 2914 1546 2958 ne
1572 2892 1727 2972 ario,
1744 2892 1911 2980 juris
1936 2892 2104 2979 aequi
2142 2903 2207 2958 et
2246 2890 2463 2979 legum
2502 2891 2729 2972 oblito,

531 2978 802 3063 Superbo
829 2991 1022 3065 atque
1049 2976 1323 3043 violento
1353 2978 1438 3049 L.
1475 2994 1622 3064 135,
1650 2982 1761 3065 36.

615 3066 678 3127 τὸ
701 3065 968 3151 παράπαν
999 3066 1053 3127 Ι.
1089 3060 1227 3150 [Ι2,
1248 3064 1385 3149 50.]

613 3148 1024 3237 παραπέμπειν]
1061 3150 1528 3249 παραπέμπεσθαι
1557 3152 1635 3215 τοὶ
1660 3154 1833 3215 πλοῖα
1862 3154 2065 3213 αὐτῶν.
2138 3148 2328 3214 classe
2354 3163 2595 3216 armata
2622 3173 2732 3215 oo-

525 3234 788 3299 mitante
815 3235 1044 3303 deduci
1070 3250 1134 3304 et
1161 3259 1226 3300 m
1254 3235 1474 3301 itinere
1502 3234 1815 3301 maritimo
1840 3234 2075 3301 firmari
2113 3234 2413 3300 adversus
2448 3234 2731 3301 insultus

526 3318 804 3387 hostium
829 3325 938 3407 96,
975 3343 1078 3388 10.
1165 3320 1554 3410 παραπέμπειν
1580 3320 1673 3386 τδν
1702 3326 1853 3386 σῖτον
1882 3324 1946 3385 ἐκ
1984 3326 2082 3384 τοῦ
2107 3320 2535 3399 Ἑλλησπόντου
2568 3340 2727 3409 251,

527 3408 587 3471 6.
673 3410 800 3483 τοὺς
829 3412 926 3475 οὐκ
956 3410 1118 3507 ὀρθῶς
1145 3407 1628 3491 συμβουλεύοντας
1658 3410 1784 3488 ὑμῖν
1814 3406 2311 3494 παραπέμψαντες.
2396 3428 2545 3471 cum
2571 3428 2729 3471 oon-

525 3504 725 3558 temtu
753 3494 1124 3559 transm1ssis
1153 3496 1302 3581 283,
1335 3513 1441 3573 24.
1528 3492 2004 3575 παραπεμπόντων
2028 3497 2169 3573 ὑμᾶς
2198 3490 2344 3557 cum
2365 3492 2589 3578 reliqui
2612 3493 2731 3558 tri-

524 3579 762 3644 erarchi
778 3604 888 3645 vos
912 3580 978 3647 in
1007 3579 1272 3645 navibus
1301 3579 1429 3645 suis
1453 3578 1583 3643 huc
1610 3578 1731 3667 ipsi
1758 3578 2203 3644 comitarentur
2230 3590 2423 3665 atque
2451 3578 2729 3644 deduce-

524 3678 666 3729 rent
689 3665 844 3749 568,
881 3688 976 3745 14.
1062 3666 1453 3754 παραπέμπειν
1480 3668 1665 3739 αὐτοῖς
1695 3666 1773 3728 τοὶ
1800 3668 2016 3751 σιτηγὰ
2042 3668 2217 3731 πλοῖα
2251 3684 2439 3751 1213,
2474 3684 2531 3729 1.
2576 3690 2731 3753 παρ·-

527 3746 742 3833 ἔπεμψε
771 3755 852 3833 τῷ
879 3752 1030 3839 δήμῳ
1055 3752 1148 3815 τὸν
1177 3756 1330 3816 σῖτον
1367 3770 1557 3831 1224,
1590 3768 1697 3819 22.

609 3834 1062 3921 παραπέτασμα]
1099 3836 1581 3919 παραπετάσματι
1606 3862 1661 3921 χ
1730 3835 1961 3919 σάμενοι
1984 3842 2051 3923 τῇ
2080 3834 2383 3923 προκλήσει
2420 3857 2450 3900 1
2464 3854 2610 3921 107,
2638 3856 2705 3903 1.

607 3920 937 4007 παραπηὸἅν
965 3922 1088 3999 τοὺς
1117 3920 1304 4003 νόμους
1333 3920 1444 3987 AE.
1475 3921 1583 4001 81,
1616 3940 1653 3989 2
1701 3968 1719 3985 .

607 4004 1003 4093 παραπίπτειν]
1040 4004 1529 4094 παραπεπτωκότα
1568 4008 1757 4094 καιρὸν
1792 4010 2007 4089 ἀφεῖναι
2048 4006 2583 4094 opportunitatem
2614 4030 2723 4073 re—

603 4104 710 4157 nte
736 4090 1011 4157 oblatam
1039 4116 1076 4158 e
1095 4091 1385 4157 manibus
1403 4091 1718 4157 dimittere
1746 4113 1773 4155 1
1792 4112 1814 4157 1
1827 4139 1848 4170 ,
1872 4092 1929 4157 8.
1974 4091 2427 4177 παραπεπτωκὼς
2459 4092 2537 4177 [si
2556 4092 2727 4159 bene

567 4178 713 4243 abet
739 4176 858 4242 ista
877 4177 1080 4259 lectiO,
1099 4178 1206 4244 sed
1228 4178 1440 4266 potius
1461 4178 1587 4265 leg.
1602 4178 1857 4243 videtur
1874 4179 2171 4264 ὑποπεπτ.]
2200 4178 2449 4264 θαυμάζῃ
2470 4179 2729 4265 τούτους,

521 4262 614 4343 ὑφ’
655 4260 726 4327 ὧν
764 4268 916 4351 αὐτῷ
961 4270 1199 4353 προσῆκε
1245 4266 1620 4350 θαυμάζεσθαι
1678 4279 1866 4347 1127,
1904 4284 1967 4334 2.
2054 4276 2487 4329 verumtamen
2536 4266 2725 4331 Har-

517 4372 693 4439 pocr.
725 4360 980 4439 quoqne
1003 4349 1328 4440 vulgatam
1353 4350 1941 4417 edit.=oecurrere.
2027 4348 2157 4437 ὅπου
2184 4350 2601 4439 παρεπίπτομεν
2632 4352 2725 4419 L.

524 4452 670 4529 179,
701 4455 766 4525 9·
