2975 4967
543 257 678 328 474
1488 244 1805 309 INDEX

551 414 848 491 officinnz,
877 414 1314 493 instrumenta,
1343 413 1811 501 supellectilem,
1838 414 2151 493 tabernae,
2173 436 2373 502 prope
2400 414 2614 481 forum
2642 415 2756 482 ha-

551 502 708 567 bent
737 502 816 566 L.
854 517 997 585 170,
1035 520 1138 564 10.
1227 500 1689 583 κατεσκεύασμαι
1732 500 1931 585 τέχνην
1970 501 2304 586 μυρεψικήν.
2350 502 2399 565 Ι
2418 500 2579 567 have
2600 526 2753 589 pro·

555 588 742 653 videa
769 588 1014 675 mysia-If
1023 587 1170 651 with
1197 608 1284 651 am
1311 586 1741 674 apothecarffs
1778 586 1955 673 shop,
1982 609 2059 650 or
2086 608 2129 649 a
2158 586 2542 676 ἤρυον-31η)
2572 586 2657 653 fr.
2693 608 2755 667 2,

560 674 998 741 2.=universe
1025 687 1404 751 construere,
1435 694 1571 738 com
1620 695 1817 753 arare,
1856 672 1965 737 sed
2008 672 2073 736 in
2112 673 2352 759 primis,
2380 672 2625 755 dextre,
2654 676 2757 741 fa-

555 759 692 838 bre,
741 758 1038 840 sollerter,
1080 759 1300 824 callide
1347 696 1619 845 aliquidp
1632 781 2023 845 componere.
2067 762 2294 845 τριήρεις
2340 761 2427 825 Ι).
2465 780 2614 839 102,
2650 782 2753 829 22.

557 846 781 929 δύναμιν
815 865 959 925 102,
995 862 1098 944 25.
1160 846 1499 927 οἰκοδόμημα
1534 864 1679 923 102,
1705 850 1807 909 26.
1868 844 2060 931 νεῶςια
2097 865 2243 923 110,
2279 864 2340 911 2.
2386 847 2753 927 subornare,

555 931 862 997 instruere
889 934 1229 1011 hommem,
1259 930 1482 996 docere
1530 930 1794 1018 agenda,
1824 953 2065 995 armare
2104 930 2264 996 dolis
2304 932 2604 998 adversus
2644 934 2756 999 ali-

556 1042 744 1106 quem
784 1018 976 1084 alium
1019 1018 1201 1084 nobis
1241 1017 1583 1083 inimicum.
1629 1016 1953 1101 λογοποίους
1980 1016 2385 1115 famigerulos
2412 1020 2759 1085 subornare

557 1125 665 1193 94,
695 1107 798 1192 38.
867 1106 1094 1170 θάνατον
1123 1126 1336 1169 necem
1365 1104 1553 1168 alicui
1582 1102 1759 1168 tectis
1787 1115 1851 1167 et
1880 1102 2199 1167 malitiosis
2230 1104 2471 1170 artibus
2504 1129 2759 1193 compa-

555 1214 696 1256 rare
747 1212 854 1279 94,
913 1210 1010 1255 10.
1113 1189 1515 1269 comminisci,
1571 1190 1949 1276 confingere,
2009 1188 2369 1255 assimulare
2425 1191 2633 1256 verbis
2683 1207 2758 1258 ut

557 1277 818 1356 factum,
849 1276 1025 1365 quod
1059 1276 1267 1341 minus
1302 1274 1398 1339 sit.
1443 1281 1689 1361 πρᾶγμα
1730 1279 1789 1339 οὗ
1828 1274 2189 1359 γεγενημένον
2228 1279 2337 1360 96,
2374 1296 2477 1357 24.
2568 1304 2759 1343 κατα-

559 1363 844 1438 σκευάσας
889 1362 1052 1437 αὐτὸς
1096 1363 1286 1427 ἑαυτὸν
1329 1365 1668 1447 πρεσβευτὴν
1717 1381 1863 1440 100,
1896 1380 2001 1448 25.
2090 1365 2284 1425 ἑαυτὸν
2310 1364 2535 1427 ἐλεεινὸν
2566 1362 2761 1429 simu-

555 1447 687 1514 lare
715 1470 1044 1537 personam
1073 1448 1480 1513 miserabilem
1518 1466 1663 1533 103,
1696 1466 1801 1515 22.

647 1536 1106 1617 κατασκεύασμα
1133 1557 1322 1599 causa
1345 1534 1633 1613 conficta,
1660 1531 2007 1597 criminatio
2034 1530 2327 1597 insidiosa
2356 1547 2421 1597 et
2458 1532 2759 1612 mendax,

557 1634 770 1687 astuta
799 1620 1176 1687 machinatio
1202 1638 1347 1705 147,
1375 1641 1435 1707 9.
1502 1636 1543 1705 5
1545 1636 1586 1705 5
1588 1638 1655 1718 5,
1685 1640 1748 1704 3.
1816 1623 1967 1701 624,
2003 1638 2106 1699 24.
2193 1621 2255 1683 τὸ
2294 1621 2763 1703 κατασκεύασμα

557 1714 653 1783 τῆς
681 1708 947 1786 διαθήκης.
978 1708 1348 1795 figmentum
1371 1708 1519 1785 hoc,
1542 1728 1769 1771 munus
1791 1704 1892 1769 hic
1914 1705 2412 1769 testamentarius
2440 1724 2469 1768 1
2484 1724 2629 1791 109,
2658 1708 2759 1770 18.

557 1793 634 1882 b)
665 1816 876 1881 opera,
903 1793 1136 1881 quibus
1167 1794 1318 1857 urbs
1345 1805 1706 1858 exornatur.
1748 1796 1825 1854 τοὶ
1856 1797 1948 1869 τῆς
1973 1792 2179 1865 πόλεως
2210 1791 2631 1873 οἰκοδομήματα
2658 1792 2760 1857 καὶ

561 1881 1096 1963 κατασκευάσματα
1125 1880 1208 1945 68
1257 1926 1276 1957 ,
1313 1900 1412 1965 13.

645 1968 1122 2049 κατασκευασμὸς
1265 1965 1372 2031 ida
1397 1964 1772 2031 machinatio
1802 1978 1951 2049 705,
2023 2010 2045 2029 .

649 2054 995 2130 κατασκευὴ,
1045 2052 1378 2117 household
1397 2054 1779 2137 ,fin-name,
1828 2073 1985 2138 supe
2008 2050 2108 2114 lex
2156 2048 2514 2114 domestica.
2576 2076 2763 2113 κατα-

562 2140 759 2209 σκευὴν
787 2143 882 2213 τῆς
908 2136 1087 2212 οἰκίας
1115 2141 1211 2215 τὴν
1240 2138 1457 2203 *οὖσάν
1481 2139 1583 2221 μοί
1608 2162 1739 2201 ποτε
1766 2134 1933 2201 ὤοντο
1964 2135 2393 2213 καταλήψεσθαι
2429 2153 2622 2221 1155,
2656 2155 2759 2202 21.

571 2221 1130 2287 =instrumentum
1173 2224 1264 2288 rei
1299 2224 1678 2303 domesticae,
1706 2200 1809 2286 vel
1844 2221 2119 2302 rusticae,
2142 2236 2509 2307 apparatuS,
2554 2243 2629 2285 su
2712 2220 2765 2285 l-

558 2306 662 2371 lex
693 2309 752 2372 1.
783 2309 891 2388 88,
925 2309 1513 2391 17.=machinatio,
1542 2307 1887 2395 compactio
1929 2307 2110 2396 quasi
2152 2306 2549 2371 consiliorum
2592 2244 2764 2373 effn-

561 2392 948 2459 destinorum
977 2408 1042 2460 et
1069 2395 1554 2482 perniciosorum
1582 2396 1647 2459 in
1676 2407 1871 2483 caput
1894 2394 2151 2458 alterius
2178 2394 2267 2457 D.
2288 2412 2397 2478 94,
2426 2412 2531 2479 30.
2562 2412 2672 2491 97,
2694 2413 2760 2461 2.

647 2482 1152 2579 κατασκοπεῖσθαι]
1203 2482 1723 2563 κατασκοπούμενος
1766 2484 1978 2560 ἑαυτὸν,
2011 2480 2093 2544 de
2136 2479 2429 2565 superbo,
2470 2501 2583 2567 qul
2626 2478 2763 2568 ipse

563 2564 680 2630 sibi
708 2565 933 2655 placet,
962 2590 1027 2631 se
1055 2579 1318 2632 miratur
1343 2568 1454 2633 AE.
1493 2569 1595 2647 18,
1621 2587 1730 2653 34.

650 2656 984 2730 κατασκοπὴ
1005 2660 1114 2716 τῶν
1139 2655 1498 2739 πραγμάτων
1526 2655 1635 2717 AE.
1666 2673 1774 2739 31,
1803 2672 1911 2733 42.

651 2737 1010 2813 κατάσκοπος
1061 2736 1214 2813 οὗτος
1263 2742 1428 2815 αὐτὸς
1471 2745 1685 2825 ὑπῆρχε
1732 2744 1799 2825 τῇ
1838 2737 1995 2821 φύσει
2044 2753 2194 2823 273,
2237 2736 2765 2803 2.--.κατασκόπων

563 2824 873 2900 συλλήψεις
898 2822 1006 2887 AE.
1040 2823 1145 2903 86,
1187 2842 1242 2889 1.

611 2909 1049 3058 8κατασπεύδων
1095 2912 1159 2975 τὸ
1203 2908 1471 2997 πρᾶγμα,
1528 2933 1659 2975 rem
1710 2908 2107 2975 festinatione
2154 2930 2459 2995 occupare
2508 2907 2621 2973 ΖΕ.
2654 2913 2765 2997 63,

572 3013 602 3056 1

649 3076 1211 3160 Πταστασιίιζεσθαι
1241 3079 1472 3145 dicitur
1500 3082 1574 3159 is,
1604 3080 1715 3168 qui
1742 3081 1823 3145 ab
1851 3080 2243 3145 inimicorum
2274 3093 2495 3144 contra
2520 3102 2586 3145 se
2614 3104 2767 3147 con-

555 3164 916 3250 juratorum
952 3188 1236 3246 numero,
1265 3166 1845 3246 machinationibuS,
1872 3166 2233 3265 pertinacia,
2262 3164 2764 3253 importunitate,

567 3248 975 3330 humanitate,
1005 3264 1068 3316 et
1105 3250 1386 3339 potentia
1426 3251 1493 3316 in
1536 3275 1671 3352 rep.
1708 3253 2109 3341 opprimitur,
2138 3265 2214 3317 ut
2232 3250 2367 3337 juS,
2396 3251 2572 3338 quod
2595 3253 2655 3316 ei
2686 3253 2769 3317 sit

566 3335 976 3402 certissimum
1027 3353 1218 3425 atque
1259 3337 1845 3417 luculentissimum,
1888 3353 2097 3404 tamen
2142 3336 2425 3402 obtinere
2466 3353 2764 3424 nequeat.

571 3424 1174 3500 καταστασιασθέντας
1203 3427 1302 3489 ὑπὸ
1329 3428 1698 3513 παρατάξεως
1732 3426 1923 3490 ἀδίκου
1956 3425 2147 3503 1081,
2183 3442 2281 3489 12.
2366 3430 2771 3509 συγκεκοινων-

571 3507 782 3589 ἦκαμεν
811 3514 906 3587 τῆς
943 3510 1093 3588 δόξης
1121 3511 1326 3589 ταύτης
1355 3518 1404 3575 οἶ
1433 3510 1979 3597 κατεστασιασμένοι
2024 3530 2215 3597 1299,
2247 3527 2354 3574 2ο.
2431 3529 2620 3595 1301,
2657 3530 2765 3596 13.
2867 3579 2875 3586 ,
2963 3482 2964 3551 }

571 3613 760 3679 1304,
790 3614 850 3680 3.
901 3597 1090 3681 1328,
1120 3616 1227 3663 22.
2060 3668 2071 3675 .

651 3681 1008 3756 κατάστασις
1051 3680 1436 3762 constitutio,
1475 3683 1544 3747 h.
1574 3706 1631 3747 e.
1676 3682 1899 3762 forma,
1938 3696 2138 3747 status
2176 3704 2407 3747 rerum.
2452 3684 2505 3744 ἐν
2534 3682 2765 3766 τοιαύτῃ

567 3764 626 3827 δὲ
655 3766 1008 3828 καταστάσει
1043 3782 1190 3852 245,
1225 3788 1323 3849 24.
1411 3766 1552 3845 αὕτη
1596 3766 1810 3853 ἐγένετο
1854 3774 1963 3834 τῶν
2006 3770 2127 3856 περὶ
2169 3769 2374 3847 Θήβας
2406 3765 2766 3853 πραγμάτων

563 3852 720 3934 ἀρχὴ
765 3852 860 3913 καὶ
907 3852 1262 3927 κατάστασις
1303 3852 1493 3941 πρώτη
1548 3872 1697 3939 291,
1729 3875 1791 3935 9.
1878 3854 1945 3939 b)
1998 3853 2383 3932 constitutiO,
2430 3874 2541 3917 seu
2582 3866 2767 3917 actus

565 3934 1008 4016 constituendi,
1040 3936 1294 4003 sistendi
1323 3962 1553 4018 coram,
1583 3939 1907 4020 exhibitio,
1936 3940 2271 4027 praestatio.
2324 3944 2420 4017 τὴν
2460 3936 2767 4001 κατάστα-

565 4046 656 4085 σιν
683 4020 816 4085 εἶναι
847 4029 954 4085 τῶν
985 4028 1294 4107 ἐγγυητῶν.
1339 4024 1406 4089 id
1435 4039 1529 4091 est
1558 4030 1749 4104 ἐξεῖναι
1790 4032 2151 4102 καταστῆσαι
2198 4028 2482 4109 ἐγγυητὰς
2512 4037 2665 4105 727,
2694 4040 2761 4107 5.

573 4126 672 4187 14.
719 4108 994 4195 ἐγγράφει
1022 4115 1101 4195 τῷ
1131 4112 1373 4195 δημοσίῳ
1397 4114 1785 4198 ἀπρόσκλῃτον
1816 4110 1977 4197 [scil.
1998 4112 2193 4261 ὃίκηνὲ
2210 4114 2271 4189 ἐξ
2296 4114 2548 4193 ἐμφανῶν
2579 4132 2769 4173 κατα-

566 4192 843 4271 στάσεως,
873 4194 1188 4273 ἐπωβελίαν
1215 4196 1515 4274 ἑξακοσίας
1546 4199 1641 4261 καὶ
1670 4197 1804 4261 δέκα
1833 4199 2117 4283 δραχμάς.
2194 4196 2355 4261 efert
2372 4218 2474 4260 me
2494 4192 2576 4259 ad
2606 4216 2767 4259 aera-

565 4278 755 4358 rium,
784 4277 846 4343 h.
873 4302 930 4343 e.
961 4278 1027 4343 in
1056 4281 1194 4368 ejus
1219 4282 1448 4347 tabulis
1491 4305 1716 4347 nomen
1760 4306 1969 4347 meum
2014 4282 2410 4349 scribendum
2452 4292 2656 4358 curat,
2688 4294 2767 4345 ut

567 4362 790 4443 aerarii,
817 4379 1172 4452 propterea,
1203 4368 1377 4454 quod
1417 4391 1607 4433 causa
1646 4368 2023 4451 cecidissem,
2068 4369 2179 4435 ubi
2220 4383 2432 4435 actum
2476 4379 2637 4435 esset
2680 4366 2766 4431 de

565 4448 754 4517 rebus
779 4450 1108 4541 postulatis
1135 4475 1344 4521 coram
1368 4454 1674 4534 sistendis,
1700 4455 1811 4520 ubi
1838 4455 2143 4523 multatus
2162 4478 2359 4523 essem
2388 4458 2519 4521 610
2538 4452 2767 4519 drach-
