2975 4967
516 260 647 342 844
1458 254 1775 321 INDEX

408 433 412 437 ’
524 430 797 511 εὸόκησεν,
829 428 947 494 οὐδὲ
974 428 1325 513 φυλάξασθαι
1358 431 1608 527 ξγχωρεῖ
1633 446 1775 514 131,
1793 428 1907 525 36..
1951 428 2124 504 αὑτὴν
2148 426 2351 505 ταύτην
2377 428 2725 513 φυλάξαντες

520 522 619 597 τὴν
648 517 853 605 ἡμέραν
886 528 1034 599 145,
1061 514 1479 601 38.=acr1ter
1511 513 1862 593 observare,
1892 511 2241 599 mvigilare,
2263 515 2490 601 nequis
2525 514 2728 581 aliena

526 602 837 689 surripiat.
914 610 975 667 to
1002 602 1162 665 have
1183 622 1227 663 α
1252 602 1435 665 strict
1462 620 1573 685 eye
1609 622 1784 687 upon
1823 622 1940 665 one
1971 601 2098 663 An.
2136 613 2237 683 17,
2265 615 2375 685 35.
2449 602 2729 685 φυλάττε-

523 692 653 754 σθαι
682 692 801 776 χρὴ
832 681 1203 751 τῶν-πολιτῶν
1237 692 1337 749 ὑπο
1412 686 1698 766 υξομένους
1727 704 1836 771 32,
1871 686 2444 767 22.Ξφυλίιττεσθαι
2487 708 2724 752 cavere.

526 774 667 839 οὕτω
696 770 905 861 σφόδρα
930 770 1314 857 έφυλαττὸμην
1340 712 1427 835 ἵ.
1458 788 1565 857 97,
1595 790 1705 857 32.
1742 790 1889 853 144,
1914 790 1980 857 3.
2005 772 2237 835 TAYL.
2295 772 2600 855 έφύλαττον
2628 778 2728 853 τὴν

524 864 773 947 γυναῖκα
800 860 897 923 καὶ
926 862 1223 944 προσεῖχον
1254 861 1393 944 αὐτῇ
1420 858 1515 922 τὸν
1545 864 1662 921 νοῦν
1689 876 1796 943 92,
1832 878 1933 943 19.
1995 856 2244 922 acribus
2273 857 2470 922 oculis
2497 882 2731 947 oppor-

525 946 803 1012 tunitati.
821 941 1169 1031 invigilare,
1204 942 1389 1030 eique
1427 943 1602 1007 velut
1641 943 1943 1024 insidiari,
1983 943 2312 1009 observare
2341 962 2451 1030 93,
2479 966 2732 1031 9.=pu-

525 1032 754 1097 λάττειν
780 1034 885 1106 τοὶς
911 1036 1017 1095 ἀπο
1049 1030 1238 1117 ρῆτους
1268 1029 1529 1106 διαθήκας
1559 1030 1648 1092 D.
1679 1049 1788 1115 91,
1821 1050 1922 1099 2ο.

614 1116 869 1202 φυλέτης.
941 1113 1023 1179 tri
1068 1114 1189 1179 ulis
1216 1130 1370 1201 521,
1404 1134 1466 1182 2.
1498 1115 1648 1200 689,
1681 1116 2074 1199 6.=q⁵vM'*roe5
2103 1116 2368 1193 καθῆσθαι
2399 1117 2731 1196 βοηθοῦντας

525 1206 639 1278 τοῖς
668 1202 845 1283 νόμοις
871 1200 977 1265 AE.
1006 1220 1076 1285 5,
1109 1218 1290 1267 22.=
1308 1204 1367 1265 Ι.
1398 1202 1512 1285 67,
1548 1204 1825 1267 11.=A.
1865 1219 2012 1285 142,
2041 1203 2365 1282 46.=An.
2401 1220 2501 1287 19,
2532 1222 2721 1288 31.=

526 1288 678 1377 ᾑρέθη
706 1290 809 1351 ὑπὸ
834 1294 945 1351 τῶν
974 1294 1221 1368 φυλετῶν
1252 1287 1331 1350 L.
1369 1286 1520 1372 158,
1552 1305 1615 1372 9.
1649 1306 1748 1351 11.

614 1381 646 1451 ἡ
676 1376 841 1457 φυλὴ,
870 1373 933 1435 τὸ
963 1370 1189 1435 δέκατον
1218 1370 1377 1459 μέρος
1404 1375 1558 1455 ὑμῶν
1583 1386 1622 1456 5
1626 1374 1738 1457 56,
1769 1392 1837 1458 5.
1903 1368 1946 1435 ἃ
1976 1372 2034 1437 δὲ
2073 1376 2226 1436 κατὰ
2265 1376 2446 1455 φυλοὶς
2481 1374 2732 1461 rageni-

526 1473 689 1524 λεσεν
716 1458 983 1532 ἑκάστους
1012 1456 1312 1541 εὐρώστους
1342 1457 1473 1522 εἶναι
1513 1475 1700 1546 1397,
1735 1477 1832 1540 14.
1923 1458 2090 1558 κάγὼ
2125 1460 2452 1545 ταξιαρχῶν
2492 1464 2586 1536 τῆς
2631 1476 2735 1541 φυ-

528 1551 629 1622 λῆς
656 1560 818 1630 999,
845 1561 943 1610 12.
1018 1542 1130 1606 ubi
1158 1547 1301 1625 φυλὴ
1329 1543 1394 1607 in
1426 1566 1612 1608 sensu
1639 1543 1806 1609 civili
1833 1542 2266 1631 accipiendum
2293 1554 2409 1623 est,
2439 1566 2566 1609 non
2608 1546 2732 1609 mi-

526 1630 714 1695 litari.
776 1632 841 1695 Ν
842 1652 945 1695 am
966 1627 1018 1693 si
1038 1627 1291 1693 militari
1318 1628 1685 1718 accipiatur,
1713 1629 2054 1695 abhorrens
2080 1629 2200 1694 erit
2225 1628 2374 1708 dici,
2403 1634 2732 1728 ταξιαρχῶν

470 1774 475 1779 .
526 1722 623 1795 τῆς
666 1722 859 1799 φυλῆς,
904 1737 1050 1780 cum
1093 1712 1421 1783 tribunum
1464 1710 1735 1781 militum
1794 1716 1931 1815 [qui
1975 1726 2069 1779 est
2111 1714 2416 1803 pedestris
2457 1714 2727 1801 militine]

528 1824 779 1890 agerem
824 1802 891 1865 in
938 1814 1147 1866 turma
1195 1801 1486 1888 equestri.
1563 1804 1732 1867 Nam
1785 1824 1837 1867 sl
1881 1814 2088 1867 turma
2133 1801 2438 1889 equestris
2479 1800 2582 1866 hic
2623 1802 2734 1866 de-

530 1888 775 1976 signata
798 1886 1042 1967 fuisset,
1073 1886 1411 1952 dicendum
1452 1886 1677 1953 fuisset
1718 1895 2030 1975 φυλαςχῶν
2069 1892 2168 1964 τῆς
2209 1893 2403 1969 φυλῆς.
2492 1888 2731 1952 Verum

532 1972 838 2039 sententia
864 1986 978 2051 est,
1010 1995 1157 2037 cum
1186 1973 1602 2055 taxiarchum,
1627 1996 1736 2039 seu
1761 1972 2086 2038 tribunum
2108 1972 2459 2060 pedestrem
2481 1994 2732 2061 agerem

528 2060 599 2125 in
640 2059 860 2124 militia
900 2057 1175 2145 pedestri
1216 2060 1420 2125 tribus
1462 2082 1648 2125 meae.
1721 2071 1786 2124 et
1824 2083 1964 2125 voc.
2005 2065 2146 2145 φυλὴ
2189 2058 2258 2123 h.
2279 2059 2321 2123 l.
2367 2058 2734 2145 designatur

532 2168 663 2211 una
689 2144 893 2212 tribus
918 2166 1135 2209 earum
1164 2144 1403 2227 decem,
1430 2146 1498 2209 in
1528 2168 1686 2233 quas
1709 2145 1890 2234 plebs
1911 2144 2204 2211 universa
2221 2144 2559 2210 distributa
2577 2158 2728 2210 erat.

542 2240 651 2311 =32
682 2236 823 2315 φυλὴ
850 2232 913 2294 τὸ
946 2232 1173 2296 δέκατον
1205 2231 1367 2317 μέρος
1398 2238 1495 2309 τῆς
1521 2232 1732 2308 πόλεως
1759 2232 1870 2297 AE.
1897 2246 2011 2317 54,
2047 2246 2148 2315 17.
2197 2235 2414 2319 ἀγορὰν
2439 2236 2604 2296 ποιεῖν
2623 2238 2734 2295 τῶν

533 2326 737 2402 φυλῶν,
770 2315 1127 2382 concionem
1156 2318 1441 2382 tribuum
1470 2332 1580 2403 57,
1611 2333 1715 2405 37.
1805 2317 1894 2394 οὓς
1916 2324 1984 2387 ,αἱ
2024 2318 2194 2401 φυλαὶ
2243 2320 2339 2381 καὶ
2383 2322 2445 2381 αἶ
2485 2316 2734 2400 τριττύες

534 2404 632 2467 καὶ
665 2409 714 2467 οἶ
750 2404 905 2485 δῆμοι
948 2407 1010 2482 ἐξ
1052 2410 1260 2468 ἑαυτῶν
1302 2410 1580 2489 αῐροῦνται
1606 2406 1718 2489 58,
1747 2421 1812 2486 7.
1897 2426 2051 2503 ergo
2093 2405 2312 2483 τριττὺς
2356 2415 2452 2467 est
2491 2401 2574 2466 ali
2621 2401 2734 2467 uid

532 2487 974 2554 intermedium
1000 2488 1165 2553 inter
1196 2495 1367 2573 φυλὴν
1406 2502 1471 2553 et
1513 2493 1702 2573 δῆμον,
1731 2489 1940 2553 minus
1981 2488 2109 2567 fila,
2139 2489 2346 2576 majus
2386 2488 2528 2553 hoc.
2666 2513 2734 2551 αν

534 2577 809 2661 ἐπιταχθῇ
838 2600 893 2639 τι
921 2580 1045 2650 ταῖς
1074 2580 1297 2657 φυλαῖς,
1326 2576 1429 2639 οἷον
1464 2576 1706 2661 τάφρους
1742 2575 2156 2664 ἐξεργάζεσθαι,
2188 2574 2221 2653 ἢ
2263 2575 2490 2661 τριῆρεις
2535 2598 2734 2650 ναυπη-

534 2661 756 2741 γεῖσθαι
784 2661 896 2758 58,
924 2680 1097 2725 10.=
1113 2660 1172 2723 I.
1200 2660 1334 2745 [27,
1354 2662 1492 2747 52]
1511 2676 1800 2727 =turma
1826 2659 2152 2748 equestris„
2181 2680 2327 2747 quae
2347 2661 2412 2723 in
2435 2658 2736 2747 pedestri-

534 2744 657 2810 bus
683 2745 877 2833 copus
902 2760 997 2812 est
1025 2746 1206 2825 τάξις,
1234 2747 1477 2811 cohor&
1552 2748 1715 2823 οὐδεὶς
1742 2744 2032 2836 φύλαρχος
2061 2749 2225 2811 αὑτὸν
2255 2745 2505 2831 φαίνεται
2536 2750 2611 2820 εἷς
2637 2762 2737 2830 φυ-

537 2834 637 2909 λὴν
668 2832 999 2910 κατατάξας
1030 2834 1117 2897 L.
1151 2847 1297 2918 137,
1332 2852 1433 2917 19.

620 2915 853 3001 φύλλον]
888 2921 1139 3004 ἀπορρεῖν
1164 2922 1245 2980 τοὶ
1272 2918 1465 3001 φύλλα
1492 2924 1604 2980 τῶν
1629 2918 1913 3001 στεφάνων
1942 2918 2093 3003 615,
2131 2936 2234 2983 10.
2268 2932 2304 3002 7
2306 2931 2348 3003 5
2351 2935 2417 3003 5,
2451 2930 2553 3000 15.

621 2999 805 3086 φύναι]
840 3004 983 3065 πολὺ
1010 3008 1138 3099 ῥᾷον
1168 3002 1404 3087 ἔχοντας
1432 3001 1805 3087 φυλάττειν,ἢ
1836 3006 2150 3083 κτῆσασθαι
2177 3002 2384 3085 πέφυκε
2404 3002 2612 3065 πάντα.
2659 3022 2736 3065 ea

534 3096 631 3150 est
656 3108 866 3150 rerum
897 3108 1177 3151 omnmm
1206 3102 1452 3168 natura,
1482 3102 1560 3153 ut
1585 3111 1626 3153 a
1642 3089 1778 3176 jam
1809 3090 2166 3154 tenentibus
2197 3086 2444 3153 facilius
2481 3108 2735 3151 serven-

536 3184 665 3251 tur,
696 3194 886 3285 quam
916 3172 1321 3260 acquirantur
1352 3190 1458 3260 25,
1491 3193 1596 3256 24.
1671 3180 1730 3240 οὐ
1759 3176 1967 3253 λέληθα
2005 3177 2264 3257 ἐμαυτὸν,
2295 3176 2400 3238 οὐδ’
2429 3177 2642 3259 ἀγνοῶ,
2673 3176 2738 3235 οὖ

536 3264 646 3321 τῶν
675 3284 733 3321 ευ
757 3260 1072 3344 πεφυκότων
1100 3264 1255 3324 κατοὶ
1281 3268 1467 3325 ταῦτα
1495 3258 1568 3331 ὢν
1596 3260 1884 3346 ἀνθρώπων
1911 3260 2064 3348 982,
2085 3280 2192 3327 20.
2235 3258 2436 3325 τᾶλλα
2459 3254 2518 3322 δὲ
2546 3264 2738 3322 ταῦτα

543 3342 806 3427 [incessu
814 3391 834 3423 ,
868 3368 1037 3424 voce,
1069 3344 1275 3425 vultU,
1307 3350 1572 3434 statura]
1610 3346 1847 3421 ἕκαστος
1889 3354 2062 3429 ἡμῶν,
2103 3344 2244 3420 ὅπως
2285 3344 2476 3431 ἔτυχε,
2505 3342 2738 3427 πέφυκε.

534 3446 819 3495 nostrum
850 3431 1119 3519 quisque
1156 3432 1297 3497 talis
1333 3446 1448 3511 est,
1477 3432 1730 3521 qualem
1773 3455 1919 3497 eum
1960 3448 2188 3497 natura
2227 3430 2378 3495 fecit
2405 3432 2556 3516 982,
2583 3450 2738 3516 pen.

534 3520 648 3591 τοῖς
676 3518 869 3591 ἁπλῶς
904 3518 997 3603 [id
1028 3532 1121 3583 est
1142 3518 1477 3605 ἀπλάστως]
1517 3522 1588 3594 ὥς
1615 3518 1915 3604 πεφύκασι,
1947 3517 2234 3600 βαδίζουσι
2271 3534 2459 3595 1122,
2497 3529 2597 3598 17.
2642 3516 2742 3579 τὸν

536 3598 792 3684 δαίμονα,
838 3601 883 3688 ᾧ
932 3602 1133 3687 φύντας
1180 3605 1483 3691 ἀνθρώπους
1535 3604 1693 3669 εἴκειν
1735 3604 1960 3689 ἀνάγκη
2012 3621 2200 3684 1400,
2235 3620 2340 3688 23.
2429 3607 2456 3664 ὁ
2497 3603 2617 3687 γὰρ
2664 3600 2738 3663 τὸ

534 3686 762 3773 σπέρμα
791 3688 1126 3774 παρασχὼν,
1156 3689 1311 3765 οὗτος
1338 3687 1398 3768 ἦν
1426 3698 1534 3753 τῶν
1559 3690 1764 3774 φύντων
1786 3691 2026 3756 *κακῶν
2053 3686 2249 3763 αἴτιος.
2316 3686 2626 3751 malorum
2653 3706 2741 3751 ex

534 3768 657 3835 illis
684 3773 1023 3839 seminibus
1050 3787 1378 3840 enatorum
1408 3777 1558 3855 280,
1589 3774 1704 3840 ult.
1793 3776 1958 3849 αὐτὸς
1987 3774 2081 3857 ἔφυ
2107 3774 2358 3861 χρηστὸς
2391 3771 2632 3860 probus
2669 3784 2744 3836 et

535 3856 709 3942 frugi
753 3870 887 3921 erat
927 3874 1133 3941 natus,
1164 3882 1273 3925 seu
1316 3875 1545 3926 natura
1586 3882 1724 3940 sua,
1751 3882 1878 3925 non
1920 3859 2225 3935 doctrina,
2254 3880 2382 3923 non
2423 3872 2579 3937 arte,
2605 3879 2744 3922 non

536 3954 757 4005 coactu
801 3956 950 4027 957,
978 3943 1433 4023 ιιΙῖ..--.ἒπιὲέξιοι
1476 3946 1662 4030 φύντες
1706 3948 1897 4035 ἑτέρων
1938 3952 2163 4029 μᾶλλον
2189 3944 2297 4009 AE.
2331 3958 2434 4029 25,
2467 3962 2573 4009 21.
2663 3948 2744 4019 εἷς

535 4029 1017 4113 παραδοξολογίαν
1045 4034 1157 4105 τοῖς
1186 4031 1457 4113 ἐσομένοις
1495 4033 1609 4113 μεθ’
1643 4038 1784 4114 ἡμᾶς
1824 4032 2020 4115 ἔφυμεν
2049 4046 2158 4115 72,
2194 4050 2298 4110 24.
2369 4032 2592 4117 μέτριον
2637 4030 2744 4093 καὶ

535 4112 789 4199 σῶφρονα
816 4114 1111 4194 πεφυκέναι
1140 4118 1269 4204 πρὸς
1294 4122 1392 4196 τὴν
1420 4118 1543 4181 καθ’
1573 4119 1778 4203 ἡμέραν
1807 4118 2022 4183 δίαιταν
2053 4116 2160 4202 78,
2191 4122 2394 4197 4.=oi
2429 4117 2552 4199 μετ’
2585 4114 2742 4178 έκεῖ-

536 4222 627 4261 νου
654 4199 837 4281 φύντες
873 4201 932 4264 Ῑ.
965 4219 1071 4286 72,
1108 4208 1496 4278 10.-τ-ἶκανῶς
1530 4203 1825 4287 πεφυκότες
1853 4206 1944 4269 Α.
1981 4220 2126 4288 115,
2155 4200 2497 4288 3.--φύντες
2539 4208 2741 4275 καλῶς

534 4282 695 4347 bene
725 4286 855 4349 nati
885 4288 967 4351 L.
994 4308 1137 4375 192,
1160 4308 1264 4355 22.
1306 4294 1382 4353 τοὶ
1410 4290 1568 4371 φύσει
1595 4288 1880 4373 πεφυκότα
1908 4289 2163 4377 ὑπεριδών
2199 4307 2344 4374 193,
2365 4306 2469 4353 21.
2513 4288 2608 4349 τὸν
2635 4287 2742 4369 φύ-

534 4394 719 4434 σαντα
761 4393 881 4457 pro
920 4375 1013 4437 τὸν
1056 4376 1401 4459 φυτεύσαντα
1434 4372 1538 4439 vel
1579 4376 1794 4461 πατέρα
1844 4378 1990 4454 116,
2027 4390 2136 4460 45.
2149 4377 2456 4459 επέφυκεν
2501 4377 2528 4435 ὁ
2573 4372 2740 4455 νόμος

534 4455 827 4543 προλέγειν
856 4454 895 4518 ἃ
921 4462 997 4540 μὴ
1025 4460 1108 4523 δεῖ
1128 4461 1389 4545 πράττειν
1417 4460 1483 4524 in
1513 4484 1588 4525 eo
1615 4459 1891 4525 cernitur
1919 4460 2014 4526 vis
2041 4475 2105 4525 et
2131 4474 2362 4527 natura
2381 4472 2444 4523 et
2464 4456 2738 4525 intentio
