2975 4967
1036 268 1675 336 GRAECITATIS.
2322 268 2451 359 ‘767

337 437 622 526 συνοικία]
665 437 752 502 ln}
839 444 868 466 ‘⁹
902 437 1172 525 [fundis]
1209 441 1306 504 nal
1337 441 1637 516 συνοικίαις
1674 437 1937 526 [111811Ηῆ
1976 443 2221 509 aedibus
2256 444 2454 512 eloca-

247 523 414 590 ticiis
451 525 518 589 in
557 525 741 609 urbe]
777 525 807 588 ὃ
865 523 1088 600 ανεικῶς
1115 528 1268 610 946,
1299 529 1357 591 6.
1448 530 1513 590 iz
1550 528 1692 602 τίνος
1728 527 1927 613 τρόπου
1960 534 2229 617 πρεσβεῖα
2256 533 2451 612 λαβὸν

243 615 348 690 τὴν
375 610 658 675 συνοικίαν
688 613 844 674 κατὰ
867 615 964 687 τὴν
995 611 1243 688 διαθῆκην
1275 611 1396 697 ἔχει
1426 632 1467 697 9
1469 627 1510 697 5
1512 625 1579 696 5,
1610 633 1637 675 1
1656 633 1713 678 1.
1772 615 2051 678 συνοικίαν
2080 617 2278 680 ἑκατὸν
2302 625 2450 698 μνῶν

251 715 452 774 1110,
487 695 782 763 12.==AE.
818 698 881 774 6,
913 695 1030 762 ult.
1101 697 1248 760 οἰκία
1275 721 1316 760 a
1345 699 1597 783 συνοικίᾳ
1630 697 1878 772 differt;
1924 699 2033 764 illa
2070 716 2164 766 est
2198 702 2446 783 domus,

243 803 446 870 quam
483 781 776 847 dominus
811 783 944 870 ipse
981 781 1218 863 incolit,
1249 781 1408 860 hoec,
1439 805 1631 868 quam
1661 784 1797 848 aliis
1832 783 2223 852 incolendam
2252 788 2450 856 eloca-

243 867 344 934 vit
379 884 480 952 15,
509 888 570 949 4.
659 867 938 942 συνοικίας
967 883 1032 933 et
1059 869 1236 942 οἰκίας
1261 867 1613 933 differentia
1640 869 1846 934 verbis
1872 870 2183 938 declarata
2218 891 2318 956 17,
2345 877 2445 940 28.

253 952 564 1033 :insula,
595 952 820 1018 domus
846 953 1184 1034 elocaticia‚
1207 977 1400 1040 quam
1429 954 1664 1042 plures,
1695 955 1947 1036 diversi,
1972 958 2254 1023 mercede
2280 959 2451 1024 inco-

243 1041 391 1105 lunt
423 1041 484 1104 1.
513 1057 624 1125 53,
697 1059 754 1104 1.
783 1041 895 1125 58,
923 1059 1027 1105 21.
2042 1073 2063 1082 -

333 1059 684 1210 συνοικίζειν]
719 1123 866 1189 οὕτω
893 1124 1222 1190 Χαλκιδέων
1251 1129 1324 1199 εἰς
1349 1125 1407 1188 ἓν
1435 1126 1853 1211 συνῳκισμένων
1880 1143 2033 1213 425,
2073 1130 2172 1195 18.
2247 1153 2443 1195 unum

243 1211 314 1276 in
353 1210 662 1298 oppidum
701 1210 1060 1298 compulsis,
1091 1210 1190 1274 vel
1226 1210 1483 1276 coalitiS.
1558 1211 1847 1276 Theseus
1882 1213 2162 1278 homines
2200 1233 2333 1280 tum
2378 1218 2445 1282 in

245 1297 474 1364 Attica
499 1296 760 1362 rur-atim
791 1295 1110 1385 degentes,
1141 1295 1472 1384 dispersos,
1510 1297 1791 1382 συνῴκισε
1816 1297 2082 1365 deduxit
2118 1301 2284 1366 intra
2322 1325 2449 1368 una

247 1383 655 1450 Athenarum
681 1383 933 1462 moenia,
955 1383 1172 1469 ibique
1199 1404 1398 1447 unum
1425 1383 1593 1446 intra
1618 1384 1833 1448 orbem
1862 1385 2217 1452 cohabitare
2235 1389 2446 1475 jussit,

245 1471 344 1534 καὶ
376 1469 752 1552 δημοκρατίαν
781 1470 1023 1549 ἐποίησεν
1057 1486 1246 1550 1270,
1281 1469 1787 1550 16.-τ-συνοικίζειν
1816 1470 2037 1552 λιμένα,
2068 1487 2321 1560 portum
2352 1498 2449 1540 re-

245 1554 424 1644 plere
447 1553 666 1620 incolis
694 1555 806 1618 AE.
837 1555 944 1639 69,
981 1555 1300 1642 29.=Ly.
1338 1569 1481 1640 155,
1510 1573 1615 1639 43.

331 1641 579 1714 σύνοικος
609 1640 734 1728 Ly.
773 1643 916 1718 168,
938 1640 1410 1726 32.;.··συνοίκους
1455 1646 1521 1724 τῇ
1562 1641 1795 1726 ἀληθείᾳ
1818 1648 1915 1704 τοῦ
1944 1643 2215 1730 συνεδρίου
2242 1651 2446 1719 ίαυτοὶς

245 1728 610 1802 κατέστησαν
653 1733 714 1790 αἱ
751 1728 950 1810 σεμναὶ
979 1725 1112 1790 θεαί.
1160 1724 1542 1790 venerabiles
1562 1724 1727 1804 dete,
1756 1725 1931 1812 quod
1968 1727 2123 1813 ipsae
2166 1751 2283 1792 suo
2324 1752 2443 1796 usu

243 1810 612 1899 equitatem
628 1825 822 1899 atque
837 1810 1160 1877 veritatem
1183 1823 1436 1876 senatus
1456 1811 1875 1908 Areopagitici
1898 1813 2319 1892 noscitassent,
2339 1837 2446 1880 vo-

241 1898 506 1964 luerunt
527 1897 594 1962 in
614 1899 670 1985 ej
678 1921 753 1962 us
780 1898 1026 1978 vicinia,
1056 1897 1124 1960 in
1151 1921 1294 1962 arce
1315 1896 1611 1976 Athenis,
1630 1897 1741 1962 ub1
1767 1898 1977 1962 forum
2001 1912 2133 1964 erat
2164 1903 2448 1986 Areopa-

241 1985 548 2072 gitarum,
565 1983 860 2049 sacellum
882 1983 998 2049 sibi
1019 1983 1226 2063 condi,
1245 1984 1565 2068 fixamque
1586 1983 1793 2048 sedem
1816 1982 2045 2048 habere
2066 1986 2151 2049 D.
2170 2005 2279 2050 101
2293 2033 2314 2064 ,
2339 1988 2441 2050 18.

334 2069 690 2155 συνομνόναι]
727 2069 1124 2152 συνομόσαντες
1158 2070 1256 2133 καὶ
1285 2070 1555 2147 συνθήκας
1591 2070 1912 2156 γράψαντες
1947 2084 2065 2154 105
2074 2091 2135 2148 2,
2167 2093 2230 2152 4.
2318 2097 2445 2136 συν-

243 2156 480 2240 ὦμοσαν
507 2157 775 2234 ἀλλήλοις
813 2158 1004 2236 1062,
1026 2174 1091 2241 5.
1179 2155 1487 2238 συνώμνυον
1516 2157 1596 2217 ὄπ’
1629 2156 1727 2238 ὄμὶ
1764 2175 1947 2241 1319,
1986 2177 2117 2219 1.=
2133 2157 2261 2244 Ly.
2298 2161 2443 2243 165,

334 2333 730 2416 συνομολογεῖν
768 2344 953 2415 1059,
991 2348 1091 2394 10.

333 2417 594 2504 συνορᾶν]
633 2414 1028 2504 συνεωρακέναι
1066 2421 1256 2479 τοῦτον
1299 2421 1543 2500 ἡγοῦμαι
1588 2414 1685 2476 καὶ
1732 2413 2061 2498 λελογίσθαι
2102 2416 2227 2498 παρ’
2261 2419 2441 2498 ἑαυτῷ

253 2521 282 2566 1
299 2521 450 2580 122,
485 2503 582 2565 16.

335 2587 782 2671 συνοργίζεσθαι]
813 2587 1182 2672 συνοργισθεὶς
1221 2584 1376 2670 [scil.
1405 2586 1553 2670 ἐμοὶ]
1592 2591 1618 2648 ὁ
1648 2589 1831 2667 ὃῆμος.
1893 2585 2217 2650 universus
2245 2608 2446 2673 popu-

247 2673 352 2738 lus
382 2672 536 2737 mihi
563 2672 760 2738 iratus
787 2673 939 2758 516,
964 2687 1025 2754 7.
1053 2689 1207 2757 547,
1232 2674 1294 2736 6.

335 2760 630 2837 συνουσία]
665 2761 808 2842 ἁγνὴ
837 2761 944 2821 ἀπὸ
971 2766 1079 2822 τῶν
1107 2755 1302 2820 ἄλλων
1328 2765 1436 2820 τῶν
1461 2760 1539 2838 μὴ
1570 2755 1971 2841 καθαρευὸντων
1998 2757 2093 2819 καὶ
2133 2757 2228 2818 ἀπ’
2258 2755 2445 2840 ἀνδρὸς

247 2843 545 2919 συνουσίας
572 2859 758 2930 1371,
783 2842 1264 2918 22.εσυνουσίας
1293 2847 1468 2916 κοινὰς
1498 2844 1763 2906 ποιεῖσθαι
1798 2844 1853 2906 I.
1892 2858 2035 2925 107,
2070 2861 2447 2922 Ι4..-συνου-
2484 2884 2489 2892 ·

243 2931 378 3010 σία,
407 2930 460 2995 si
487 2931 648 2996 bene
675 2929 886 3008 habet,
906 2951 1026 3017 pro
1053 2928 1228 2992 εὔνοια
1257 2928 1560 3007 studium,
1590 2952 1721 3015 quo
1750 2928 1893 3015 quis
1918 2927 2100 2992 alicui
2130 2927 2293 3015 parti
2318 2927 2446 3012 σόν-

227 3041 398 3095 -εστι,
423 3031 656 3104 proesto
681 3033 796 3094 est,
827 3037 972 3080 cum
999 3037 1076 3078 ea
1099 3013 1250 3078 facit
1278 3014 1362 3078 L.
1387 3034 1464 3082 12
1465 3034 1533 3099 5,
1550 3030 1614 3098 5.
1686 3013 1975 3086 συνουσίας
2002 3013 2309 3092 οἰκειότητα
2343 3035 2443 3099 ap.

251 3102 438 3168 Suid.
469 3101 538 3166 iu
563 3110 772 3182 φαῦλον
798 3101 984 3186 εἴρητ’.

339 3187 649 3273 σύνταγμα
699 3187 1000 3266 συντάξας,
1053 3185 1322 3262 schema,
1374 3184 1851 3271 descriptionem
1912 3182 2443 3250 contributionum

245 3291 644 3339 commentus
671 3275 781 3338 AE.
812 3276 920 3355 67,
949 3274 1050 3337 16.

339 3358 627 3445 σύνταξις]
661 3359 796 3442 μίαν
832 3360 1092 3436 σύνταξιν
1131 3357 1266 3424 εἶναι
1307 3361 1402 3435 τὴν
1444 3363 1540 3421 τοῦ
1566 3382 1629 3419 τε
1658 3356 1988 3436 λαμβάνειν,
2019 3356 2115 3417 καὶ
2142 3359 2240 3416 τοῦ
2278 3356 2445 3416 ποιεῖν

247 3450 328 3508 τὰ
359 3445 548 3508 δέοντα
584 3466 683 3526 14,
716 3463 821 3528 27.
909 3452 1386 3530 arrangement,
1423 3444 1849 3518 constitution,
1880 3439 2217 3504 laterculus
2242 3435 2443 3524 quasi,

247 3530 361 3596 vel'
393 3531 552 3596 ordo
593 3531 722 3596 sive
767 3529 1052 3594 munium
1090 3529 1609 3616 praestandorum‚
1639 3550 1849 3592 rerum
2007 3525 2275 3590 ndarum
2315 3523 2444 3587 sive

246 3616 621 3704 pensionum
667 3615 1094 3702 pecuniarum,
1141 3629 1270 3679 tam
1317 3637 1561 3692 earum,
1602 3637 1749 3700 quae
1794 3635 1911 3677 con
1940 3609 2207 3687 erendae,
2252 3631 2445 3696 quam

247 3725 400 3791 quae
425 3701 801 3790 accipiendae
829 3717 978 3766 sunt
1009 3702 1154 3780 168,
1187 3719 1292 3767 22.
1349 3699 1753 3778 coci-dinatio,
1782 3697 2056 3764 redactio
2082 3696 2147 3761 in
2176 3695 2445 3760 formam

203 3845 208 3848 .
245 3788 552 3876 eorporiS,
583 3787 680 3853 vel
707 3786 952 3875 collegii
984 3806 1131 3870 192,
1165 3801 1268 3871 25.
1351 3791 1447 3864 τὴν
1476 3790 1645 3863 αὐτὴν
1672 3785 1930 3862 σύνταξιν
1960 3785 2215 3847 ἁπάντων
2240 3783 2349 3880 38,
2384 3801 2442 3849 2.

247 3876 512 3953 σύνταξιν
541 3874 978 3954 κατασκευάζειν
1007 3877 1070 3959 τῇ
1109 3873 1282 3936 πόλει.
1350 3895 1709 3960 compatare
1736 3871 1891 3958 reip.
1922 3870 2441 3935 contributionem

249 3959 674 4048 pecuniariam
705 3983 742 4024 e
771 3958 948 4024 sociis
975 3961 1084 4037 60,
1117 3978 1212 4023 11.
1271 3957 1395 4022 οὔτε
1425 3962 1527 4033 τὰς
1554 3957 1839 4036 συντάξεις
1876 3955 2233 4044 [stipendia,
2263 3969 2445 4040 pacta

247 4045 566 4132 condicta]
593 4047 860 4110 Διοπείθει
887 4043 1098 4126 δίδομεν
1121 4057 1226 4128 95,
1253 4044 1316 4108 8.
1345 4063 1444 4108 20.
1492 4067 1735 4109 summa
1762 4041 2181 4129 vectigalium,
2213 4038 2310 4103 vel
2341 4040 2449 4105 tri-

249 4133 556 4198 butorum
583 4131 813 4218 cuique
841 4129 1220 4218 praescripta.
1282 4131 1595 4214 χρημάτων
1638 4131 1691 4192 δὲ
1736 4129 1993 4206 σύνταξιν
2038 4132 2109 4200 εἰς
2145 4124 2303 4188 πέντε
2348 4127 2445 4190 καὶ

249 4219 674 4318 τετταράκοντα
699 4217 960 4281 τάλαντα
985 4230 1136 4303 305,
1177 4217 1276 4280 16.
1351 4214 1636 4278 universe
1672 4229 1735 4277 et
1812 4212 2018 4298 roprie
2046 4227 2139 4277 est
2167 4224 2445 4298 pactum,

251 4303 638 4380 condictum,
683 4302 978 4380 conditio,
1030 4301 1111 4365 de
1159 4323 1289 4388 qua
1329 4299 1501 4370 inter,
1534 4299 1695 4363 duos
1736 4321 1781 4385 p
1808 4321 2025 4362 uresve
2074 4295 2447 4361 συντέτακται

249 4389 570 4456 convenit.
615 4389 886 4470 ψήφισμα
909 4388 1028 4472 περὶ
1059 4393 1152 4464 τῆς
1179 4387 1509 4463 συντάξεως,
1538 4384 1567 4448 3
1602 4383 1939 4462 Θουκυδίδης
1968 4384 2081 4448 εἶπε
2116 4403 2309 4468 1334,
2342 4401 2446 4456 12.

262 4474 630 4556 εσυντάξεις
658 4477 836 4540 τελεῖν
859 4473 964 4540 AE.
983 4474 1093 4554 66,
1111 4491 1215 4554 40.
1270 4471 1573 4550 συντάξεως
1606 4469 1885 4550 κοινωνεῖν,
1908 4469 2279 4559 participare
2306 4489 2451 4534 con-

1265 4578 1304 4643 3
1339 4579 1380 4622 D
1409 4579 1455 4638 4
