2975 4967
589 262 722 349 506
1429 270 1432 275 ·
1548 260 1865 329 INDEX

685 434 842 515 λαβὴ
879 430 1166 522 capatus,
1207 450 1382 499 ⁸³⁸⁸·
1469 436 1655 515 λαβαὶ
1695 436 2003 521 nux-⁸1⁹5*
2044 430 2198 518 ⁸192
2230 444 2335 519 25·
2406 428 2553 509 ἴσως
2590 430 2799 517 nvi-m

599 524 713 597 τοῖς
738 520 1154 604 ἐπιβουλεύουσι
1185 522 1370 599 λαβὴν
1395 518 1603 585 δώσετε
1633 539 1824 601 1420,
1854 542 1917 606 9.

687 606 1010 691 λαγχάνειν
1035 604 1296 694 adipisci
1334 605 1575 693 aliquid
1698 630 1733 672 r
1774 620 2029 684 sortem,
2056 603 2377 671 interdum
2424 626 2802 757 ‘buffl

601 690 964 757 necessitate
983 692 1147 778 juris
1171 690 1389 771 civilis,
1419 714 1607 757 secun
1657 715 1765 758 um
1794 690 2161 757 senteutiam
2182 714 2225 758 a
2242 688 2449 779 judici
2492 714 2573 755 us
2784 738 2803 770 ,

602 792 679 844 ut
704 777 1030 859 honorem,
1060 802 1170 843 seu
1199 778 1658 866 magistratum,
1686 777 2122 858 sacerdotium,
2152 776 2587 857 hereditatem,
2600 778 2721 865 jus
2740 776 2805 841 in

592 864 916 954 judicibus
943 864 1237 939 sedendi;
1285 864 1434 930 item
1462 888 1719 951 operam
1754 866 1927 943 dare,
1958 876 2033 929 ut
2075 888 2191 953 per
2232 878 2464 929 sortem
2505 863 2601 941 id,
2632 862 2806 951 quod

603 950 784 1039 cupis
811 964 875 1015 et
901 951 1124 1032 ambis,
1153 950 1268 1016 tibi
1295 950 1651 1031 addicatur,
1683 952 1875 1016 verbo
1901 950 1969 1015 in
1988 951 2136 1038 jure
2162 972 2439 1039 poscere,
2460 962 2537 1017 ut
2562 949 2807 1015 heredi-

601 1038 820 1118 tatem,
849 1037 1152 1125 virginem
1183 1060 1330 1103 cum
1357 1037 1727 1116 hereditate,
1755 1037 1921 1102 diem
1953 1060 2159 1102 causae
2184 1053 2315 1101 tuae
2336 1035 2803 1123 cognoscenda

489 1132 504 1147 ‘
603 1124 1013 1191 construitur
1039 1146 1184 1189 cum
1214 1124 1622 1203 nominative,
1652 1124 1953 1211 genitivo,
1980 1123 2216 1203 datiw,
2238 1121 2595 1188 accusativo
2620 1137 2693 1186 et
2718 1122 2809 1187 in-

600 1210 865 1277 finitivo.
939 1212 1309 1297 Usurpatur
1335 1209 1527 1274 modo
1552 1210 1912 1297 simpliciter
1938 1223 2005 1274 et
2030 1210 2223 1289 nude,
2252 1208 2445 1275 modo
2481 1230 2631 1275 cum
2662 1208 2809 1273 sub-

604 1296 887 1362 stantivis
915 1296 1251 1383 adjunctis.
1339 1301 1384 1361 εἲ
1414 1294 1628 1383 ἔλαχον
1658 1298 1839 1383 ἷεςεός.
1909 1295 1961 1360 si
1986 1318 2028 1359 a
2056 1308 2221 1361 sorte
2250 1293 2536 1361 sacerdos
2560 1316 2809 1359 nuncu-

604 1397 796 1473 patus
821 1381 1101 1462 fuissem,
1129 1387 1201 1458 ὦς
1227 1383 1563 1469 προεκρίθην,
1594 1394 1671 1447 ut
1696 1395 1882 1448 antea
1908 1404 1949 1445 a
1974 1380 2459 1469 municipalibus
2484 1380 2693 1445 lectus
2712 1380 2812 1445 fu·

607 1492 779 1535 eram
810 1488 885 1555 13
899 1489 998 1555 13,
1031 1488 1133 1551 24.
1179 1468 1486 1543 κατιδόντες
1516 1472 1601 1534 Θ.
1624 1468 1888 1555 λαχόντα
1916 1467 2187 1548 βασιλέα.
2246 1489 2461 1555 regem
2490 1488 2809 1533 sumtum

605 1580 646 1621 a
667 1568 832 1621 sorte
853 1570 1290 1643 nuncupatum
1315 1557 1504 1641 1369,
1528 1558 1631 1619 16.
1661 1559 1688 1617 ὅ
1714 1555 1850 1636 μηδὲ
1873 1558 2079 1641 λαχεῖν
2098 1554 2395 1640 εὐχόμενος
2415 1562 2523 1619 τῶν
2540 1554 2813 1633 ἐξιόντων,

607 1641 686 1707 δι’
709 1645 964 1729 ἐκληροῦ.
1031 1662 1177 1707 cum
1205 1641 1274 1705 in
1301 1640 1549 1706 delectu
1578 1639 1827 1705 militari
1856 1662 2087 1706 nomen
2114 1654 2299 1705 tuum
2328 1638 2811 1727 periclitaretur,

607 1728 892 1815 optabas,
924 1741 999 1793 ut
1027 1728 1092 1793 id
1131 1728 1197 1791 in
1241 1748 1459 1791 eorum
1503 1748 1789 1805 numero,
1818 1726 2052 1814 quibus
2092 1726 2161 1790 in
2202 1736 2408 1791 castra
2448 1724 2815 1791 exeundum

607 1826 789 1893 esset,
817 1813 1063 1879 nullum
1091 1827 1252 1881 esset
1278 1814 1434 1898 558,
1473 1828 1573 1899 15.
1652 1812 1765 1878 ubi
1796 1812 2173 1878 subauditur
2202 1813 2298 1886 εἰς.
2371 1810 2529 1891 φόνου
2554 1808 2626 1875 ἂν
2660 1810 2813 1875 εἰκό-

607 1926 716 1975 τως
751 1903 976 1987 ἐμαυτῷ
1015 1904 1238 1985 λαχεῖν.
1313 1898 1585 1965 subaudi
1628 1898 1795 1976 δίκην.
1884 1914 2134 1986 egomet
2172 1897 2308 1985 ipse
2348 1910 2583 1963 memet
2623 1894 2817 1961 caedis

605 1998 874 2073 patratae
903 2008 1078 2051 reum
1109 2008 1294 2073 agere
1313 2000 1353 2072 5
1355 2001 1468 2071 54,
1487 2004 1557 2067 4.
1604 1984 1889 2070 ἐλάχομεν
1916 1991 2015 2049 τοῦ
2042 1985 2245 2067 κλῆρου
2273 1982 2404 2071 πρὸς
2428 1984 2526 2047 τὸν
2564 1982 2593 2009 ”
2682 2008 2819 2047 οντα

607 2070 1082 2159 postulabamus
1129 2072 1194 2137 in
1229 2072 1377 2159 jure
1421 2070 1831 2136 hereditatem
1872 2069 2231 2135 exhibendo
2274 2068 2561 2134 archonti
2618 2067 2819 2153 ’'bello

607 2157 928 2245 petitorio,
964 2180 1096 2245 quo
1139 2157 1356 2223 titulos
1392 2156 1879 2244 proetensionum
1919 2169 2276 2222 nostrarum
2318 2176 2399 2220 ex
2564 2176 2819 2219 eramus

617 2244 812 2329 1089,
849 2258 950 2327 17.
988 2263 1178 2328 1090,
1209 2262 1311 2325 24.
1387 2246 1595 2329 λαχεῖν
1624 2240 1725 2305 ἔδει
1753 2248 1849 2319 τῆς
1878 2244 2171 2328 ὅπικλῆρου
2206 2238 2365 2327 [scil.
2430 2240 2583 2329 ι’κην]
2620 2242 2817 2327 1136,

613 2348 682 2410 4.
755 2336 810 2393 ἄν
837 2329 1017 2416 τούτῳ
1056 2335 1138 2417 τῷ
1177 2334 1353 2416 καιρῷ
1395 2328 1569 2415 ἕτεροί
1608 2353 1745 2403 τινες
1790 2328 2004 2415 ἔλαχον
2044 2335 2143 2393 τοῦ
2188 2327 2393 2414 κλήρου
2434 2333 2532 2391 τοῦ
2572 2327 2820 2401 Κόνωνος

621 2432 810 2502 1173,
838 2436 904 2527 3.
966 2415 1095 2499 πρὸς
1123 2417 1246 2490 τοὺς
1275 2414 1577 2501 εἰληχότας
1607 2417 1755 2497 ἡμῖν,
1776 2414 2269 2502 παρεγραψάμεθα
2296 2412 2450 2497 985,
2478 2432 2537 2477 1.
2612 2411 2823 2476 vstra-

613 2526 716 2585 ρας
745 2510 1016 2587 εὶληχασι
1045 2502 1201 2577 δι’κας
1229 2504 1356 2583 ἡμῖν
1389 2500 1543 2586 985,
1582 2518 1681 2564 10.
1752 2504 1944 2586 ἀρχὰς
1974 2499 2159 2587 ἔλαχε
2185 2500 2282 2564 καὶ
2312 2498 2439 2585 ἦρξε
2466 2498 2823 2581 δοκιμασθεὶς

621 2590 809 2671 1306,
845 2606 944 2668 14.
1010 2586 1170 2665 ἡνίκα
1197 2590 1301 2662 τοὶς
1327 2585 1485 2660 δίκας
1516 2586 1729 2671 ἔλαχον
1756 2593 1866 2649 τῶν
1891 2584 2161 2671 πατρῴων
2187 2588 2301 2661 τοῖς
2331 2583 2635 2671 ὶπιτρότοις
2656 2598 2822 2670 539,

617 2690 724 2757 23.
799 2677 898 2736 οὐκ
928 2670 996 2736 ἄν
1019 2697 1152 2737 τοτε
1185 2675 1284 2751 τὴν
1321 2671 1470 2749 δίκην
1514 2675 1669 2756 αὐτῷ
1710 2671 1997 2759 ἐλάχομεν
2041 2686 2194 2757 907,
2230 2690 2327 2735 10.
2416 2670 2825 2757 λαγχάνουσιν
2959 2646 2960 2655 ¹

615 2762 665 2821 ol
693 2760 1007 2834 Πλαταιεῖς
1035 2758 1186 2837 δίκην
1214 2755 1665 2841 Λακεδαιμονίοις
1691 2762 1765 2833 εἰς
1794 2759 1918 2832 τοὺς
1934 2758 2345 2841 Ἀμφικτύονας
2364 2755 2577 2865 χιλίων
2603 2755 2828 2821 ταλάν-

611 2866 722 2906 των
757 2845 943 2930 1378,
983 2864 1084 2909 10.
1145 2844 1296 2924 λίιβε
1321 2868 1417 2924 μοι
1447 2846 1511 2907 τὸ
1542 2843 1833 2927 ἔγκλημα,
1861 2842 1891 2907 ὃ
1918 2842 2131 2929 ἔλαχον
2160 2847 2313 2929 αὐτῷ
2344 2866 2543 2928 repca-c
2573 2860 2733 2925 912,
2768 2861 2824 2905 1.

614 2932 907 3015 λαγχάνει
936 2928 1215 3007 βουλεύειν
1251 2951 1292 2993 a
1328 2942 1493 2993 sorte
1529 2942 1779 2993 creatur
1822 2942 2069 2993 senator
2115 2930 2305 3015 1346,
2336 2946 2394 2995 2.
2486 2932 2513 2991 3
2558 2928 2603 2989 δ
2632 2924 2712 2992 ὧν
2756 2925 2827 2991 ἂν

617 3016 729 3099 ἀφῇ
755 3014 924 3078 πάλιν
953 3015 1270 3101 λαγχάνων
1299 3030 1380 3101 97
1389 3032 1452 3094 2,
1487 3033 1591 3098 19.
1654 3017 1785 3099 πρὸς
1812 3017 1906 3079 τὸν
1933 3015 2186 3095 βασιλέα
2212 3018 2290 3096 μὴ
2320 3012 2645 3099 λαγχάνειν
2672 3036 2829 3077 αω-

617 3120 751 3163 sam
789 3099 870 3164 ad
909 3100 1121 3163 forum
1149 3099 1314 3187 regis
1341 3122 1655 3164 sacrorum
1684 3122 1811 3164 nou
1842 3100 2085 3165 deferre
2118 3120 2149 3163 1
2164 3102 2310 3179 160,
2340 3118 2443 3167 21.
2538 3097 2830 3163 πείσαντα

617 3188 770 3268 ὑμῶν
797 3188 923 3261 τοὺς
953 3186 1268 3272 λαχόντας.
1337 3184 1637 3270 [subaudi
1665 3187 1927 3273 δικάζειν]
1968 3190 2159 3272 1136,
2188 3206 2254 3271 9.
2337 3190 2437 3265 τὴν
2474 3190 2573 3248 τοῦ
2612 3186 2831 3283 πατρὸς

615 3274 816 3357 μοῖραν
844 3272 1163 3357 λαγχάνειν
1196 3274 1384 3354 1067,
1412 3272 1885 3358 5.ελαγχόινειν
1910 3273 2017 3337 τινὶ
2048 3271 2223 3350 δίκην,
2252 3270 2463 3337 dicere
2502 3267 2703 3349 diem,
2734 3292 2833 3334 m-

619 3355 877 3421 stituere
911 3357 1218 3423 actionem
1259 3358 1561 3424 adversus
1601 3358 1875 3445 aliquem
1906 3357 2011 3421 AE.
2042 3377 2105 3442 9,
2137 3375 2239 3437 24.
2311 3357 2563 3445 gemina
2590 3355 2701 3421 via
2744 3354 2835 3421 ad

618 3441 907 3526 honores,
934 3443 1158 3529 λαχὼν,
1183 3444 1216 3523 ἢ
1243 3445 1661 3532 χειροτονηθεὶς,
1690 3458 1756 3509 et
1790 3443 2031 3543 duplex
2149 3466 2271 3509 nus
2304 3444 2644 3525 honorum,
2668 3442 2837 3509 alte-

618 3551 766 3593 rum
791 3554 907 3618 per
935 3544 1186 3611 sortem,
1215 3531 1482 3596 alterum
1514 3552 1627 3617 per
1663 3552 1739 3594 su
1922 3553 1963 3594 a
2002 3554 2077 3595 co
2121 3543 2297 3595 atum
2332 3545 2434 3615 15,
2472 3549 2571 3592 11.
2642 3529 2836 3607 ληΐδος

619 3614 790 3678 αἶσαν
819 3615 1079 3703 λαχόντα
1111 3636 1215 3695 20,
1255 3632 1356 3699 17.
1443 3618 1575 3699 ἥπερ
1606 3615 1767 3699 (scil.
1796 3620 1927 3704 κὴρ)
1960 3618 2118 3703 λάχε
2148 3616 2453 3701 γεινόμενον
2484 3633 2593 3695 21,
2622 3634 2692 3695 4.
2742 3617 2837 3679 δε-

621 3702 1008 3775 καταλάντους
1052 3700 1208 3775 δι’κας
1251 3702 1570 3787 λαγχάνων
1597 3722 1711 3782 41,
1748 3720 1844 3788 13.
1934 3701 2057 3767 οὔτε
2096 3701 2323 3788 λαχὼν,
2356 3700 2481 3765 οὔτε
2524 3700 2839 3787 ἔπελαχῶν

621 3786 730 3862 62,
759 3786 1258 3871 31.=actionem
1285 3787 1352 3851 in
1378 3788 1519 3852 foro
1546 3786 1845 3853 adversus
1880 3787 2153 3876 aliquem
2194 3810 2273 3853 ca
2516 3834 2535 3853 .
2606 3796 2675 3851 to
2716 3808 2845 3852 sue

621 3892 739 3935 one
780 3881 852 3935 at
892 3872 1029 3935 law.
1118 3871 1358 3938 efficere
1405 3872 1508 3937 vel
1546 3873 1611 3937 in
1657 3896 1846 3939 causa
1880 3898 2012 3939 esse
2053 3888 2129 3939 ut
2161 3874 2241 3962 ju
2290 3874 2413 3940 'ces
2456 3871 2840 3939 sortiantur.

621 3957 1008 4022 construitur
1033 3957 1204 4039 alias,
1233 3959 1480 4045 integra
1508 3958 1801 4041 dictione,
1826 3982 1976 4025 cum
2002 3962 2379 4041 accusativo,
2406 3958 2558 4038 δίκην
2584 3958 2699 4023 vel
2726 3964 2843 4036 λῆ-

622 4044 729 4123 ξιν,
745 4043 896 4107 alias
923 4043 1034 4108 illo
1060 4044 1310 4125 omisso,
1333 4043 1586 4110 brevius
1610 4068 1754 4111 cum
1782 4046 1975 4134 genit.
1999 4070 2055 4111 e.
2086 4070 2141 4111 c.
2184 4055 2283 4111 τοῦ
2312 4046 2538 4131 κλήρου.
2592 4044 2719 4110 ubi
2744 4056 2847 4109 ta-

621 4150 766 4193 men
809 4127 926 4195 iste
963 4131 1356 4197 accusativus
1381 4152 1625 4219 semper
1650 4145 1746 4197 est
1781 4132 2157 4199 audiendus.
2232 4136 2511 4210 Ξενοκλῆς
2547 4138 2653 4213 τοῦ
2692 4132 2849 4209 κλή-

624 4238 719 4297 ρου
747 4219 842 4292 τὴν
873 4220 1024 4295 λῆξιν
1063 4217 1262 4297 ἠξίωσε
1301 4222 1508 4303 λαχεῖν
1540 4218 1597 4283 Ι.
1626 4220 1737 4305 38,
1772 4220 1831 4284 8.
1920 4235 1982 4286 λ.
2012 4226 2107 4284 τοῦ
2146 4219 2353 4307 κλῆςου
2388 4222 2489 4297 τὴν
2530 4216 2689 4295 δίκην
2722 4218 2845 4298 68,

623 4318 734 4379 44.
823 4301 1004 4388 ἔλαχε
1031 4307 1130 4381 τὴν
1156 4302 1305 4382 δίκην
1333 4310 1414 4389 τῷ
1445 4309 1606 4388 κοινῷ
1639 4313 1748 4369 τᾶν
1774 4308 2021 4389 δημοτῶν
2054 4324 2201 4388 111,
2230 4324 2301 4387 4.
2388 4310 2487 4383 τῆς
2528 4304 2849 4390 timulo&

623 4390 724 4447 τοῦ
762 4387 964 4469 κλήρου
1000 4392 1258 4473 γυναικὸς
1298 4389 1410 4476 38,
1447 4407 1547 4453 11.
1636 4390 1753 4454 οὐδὲ
1794 4398 1893 4457 τοῦ
1934 4390 2131 4479 μέρους
2174 4390 2396 4479 εἴληχε.
2466 4410 2551 4456 ne
2574 4404 2851 4477 partem
2959 4464 2960 4471 χ
