2975 4967
535 242 666 328 560
1466 236 1785 303 INDEX

537 408 868 503 publicum
891 408 1243 475 inferantur
1271 426 1422 495 243,
1451 426 1491 475 2
1492 428 1561 494 5.
1634 407 1795 489 νόμον
1828 404 2261 488 καταβαλόντα,
2290 419 2406 470 aut
2446 405 2501 473 si
2542 428 2745 495 quam

540 514 752 564 tamen
779 496 982 585 legem
1013 497 1136 560 ‘am
1158 494 1604 584 proposuisset,
1634 491 1898 572 tulisset,
1918 494 2057 581 ejus
2084 504 2305 557 auctor
2331 492 2538 559 factus
2559 506 2745 573 esset,

543 588 637 650 ἐᾶν
667 588 722 647 ἂν
750 520 1066 669 &nmmo-seit,
1095 580 1267 647 illam
1296 582 1497 647 sinere
1513 582 1723 668 jacere
1752 594 1816 645 et
1854 579 1921 644 in
1960 576 2339 644 oblivionem
2382 580 2555 645 abire
2592 584 2745 659 260,

545 690 729 753 24⁸:
742 669 1131 747 καταβάλλειν
1173 671 1278 743 τὰς
1321 666 1672 753 ἂπικαρπίας,
1699 672 1795 747 τὴν
1824 670 1978 746 ὥνὴν,
2008 668 2073 731 τὸ
2116 664 2304 743 τέλος,
2332 666 2667 753 pecuniam
2710 688 2749 729 e

542 769 730 847 pacto
750 778 1039 843 sponsam
1060 776 1410 834 numerare,
1427 751 1779 842 persolvere
1800 756 1931 818 An.
1960 771 2063 830 12,
2084 770 2191 836 29.
2210 770 2289 837 31
2306 798 2321 815 .
2369 759 2445 817 τὰ
2462 754 2751 839 χρῆματα

551 864 656 923 10,
691 843 792 907 16.
829 857 933 924 17,
963 841 1525 927 32.=naroesso'zma
1556 840 1817 919 πατάξας
1848 840 1926 903 L.
1966 838 2108 924 136,
2144 856 2249 905 22.
2288 840 2435 925 138,
2468 859 2570 903 1ο.

631 929 1083 1014 καταβλάπτειν]
1121 927 1410 991 δικ-λάσιον
1440 926 1693 1007 ὀφείλειν,
1724 926 1755 1004 ἢ
1786 926 1911 989 ὅσον
1944 923 2012 988 ἂν
2052 924 2409 1013 καταβλάψῃ
2452 926 2610 1010 629,
2640 943 2749 1011 23.

545 1012 614 1079 ἄν
641 1041 724 1089 τις
753 1014 1108 1094 καταβλάψῃ
1139 1016 1263 1077 τινὰ
1293 1011 1430 1076 ἑκὼν
1457 1010 1660 1087 ἀδίκως
1689 1013 1840 1097 636,
1876 1030 1938 1079 2.
2014 1010 2570 1093 καταβεβλαμμένον
2600 1012 2753 1074 οὐδὲν

546 1098 696 1179 ἄξιον
725 1099 898 1183 λο’γου
934 1078 1125 1184 1278,
1155 1099 1420 1164 8.=AE.
1456 1098 1565 1177 84,
1594 1116 1702 1183 35.

621 1188 921 1265 καταβολὴ
962 1207 1231 1272 pensum
1275 1181 1725 1270 praestandum,
1774 1180 1990 1269 pensio
2036 1202 2311 1267 quaeque
2360 1179 2747 1268 pecuniaria,

547 1271 836 1337 ²veniente
879 1270 1048 1335 dicta
1088 1270 1192 1335 die
1235 1268 1672 1357 dependenda.
1774 1268 2099 1347 καταβολαὶ
2141 1274 2251 1330 τῶν
2293 1275 2469 1330 τελῶν
2498 1282 2652 1353 731,
2686 1267 2751 1331 8.

547 1360 876 1439 καταβολὴν
900 1356 1038 1438 μίαν
1071 1356 1104 1435 ἢ
1143 1356 1230 1419 δύο
1275 1356 1376 1430 θεὶς
1421 1371 1571 1440 791,
1605 1374 1705 1422 21.
1784 1355 2112 1431 καταβολὴν
2154 1358 2223 1438 τῇ
2265 1354 2423 1417 πόλει
2465 1360 2563 1417 τοῦ
2606 1378 2755 1434 μετ-

548 1444 732 1507 άλλου
789 1458 941 1528 973,
991 1461 1054 1525 4.
1143 1447 1246 1517 τοὶς
1297 1444 1632 1522 καταβολὰς
1676 1439 2069 1519 καταβάλλειν
2121 1443 2195 1513 εἰς
2245 1437 2311 1501 τὸ
2368 1439 2755 1523 βουλευτήριον

553 1532 708 1593 κατὰ
738 1527 1062 1616 πρυτανείαν
1097 1546 1284 1614 1353,
1318 1546 1423 1595 22.
1494 1526 1739 1604 ὗπεῖσθην
1784 1524 2225 1611 ὑπογράψασθαι
2268 1528 2372 1598 τὰς
2416 1526 2757 1603 καταβολὰς

558 1614 748 1695 1484,
785 1628 887 1697 17.
977 1614 1050 1700 b)
1081 1627 1208 1679 tem
1255 1636 1332 1677 us
1359 1612 1783 1700 quodcunque
1810 1611 1965 1675 orbe
1988 1633 2104 1674 suo
2132 1608 2508 1675 circumacto
2534 1632 2753 1674 recur-

549 1722 718 1777 rens,
766 1714 831 1764 et
879 1698 1025 1765 hinc
1071 1636 1342 1764 insuiius
1381 1698 1587 1763 morbi
1716 1720 1749 1762 r
1804 1710 1975 1762 certa
2024 1710 2381 1783 temporum
2424 1694 2759 1760 intervalla

532 1779 1054 1851 incrudescentis.
1125 1785 1308 1872 ὥσπερ
1336 1786 1595 1871 περίοδος,
1628 1812 1657 1863 η
1690 1785 1986 1864 καταβολὴ
2024 1790 2279 1870 πυρετοῦ,
2312 1781 2343 1859 ἢ
2388 1780 2567 1845 ἄλλου
2612 1782 2759 1855 τινὸς

553 1878 763 2023 ἓωικιξίῐει
763 1892 790 1935 1
807 1873 908 1951 18,
941 1890 1045 1941 20.
1133 1870 1309 1936 velut
1335 1871 1555 1959 pensio
1581 1870 1875 1958 quaedam
1914 1868 2135 1933 aeraria
2174 1880 2338 1933 stata
2373 1866 2477 1931 die
2518 1866 2758 1954 depen-

601 1980 680 2023 en
769 2003 785 2020 .

639 2042 1086 2128 καταβραβεῦειν
1132 2044 1258 2105 τινὰ
1311 2064 1585 2129 nequam
1634 2042 1876 2107 artibus
1930 2038 2215 2128 aliquem⁴
2254 2038 2757 2103 circumventum

551 2141 829 2194 evertere
855 2142 1008 2213 544,
1039 2126 1158 2191 ult.

640 2212 1068 2362 καταέγέλλειν
1096 2212 1488 2277 denuntiare.
1551 2213 1674 2277 ἀντὶ
1704 2213 1903 2298 εἰρήνης
1928 2208 2170 2293 πόλεμον
2194 2208 2643 2296 κατηγγέλκασι
2667 2210 2755 2273 L.

565 2320 591 2365 1
747 2316 786 2366 2
835 2346 852 2361 .

603 2316 920 2469 7Ῐάτάγειν
946 2387 1023 2447 τὰ
1051 2388 1225 2448 πλοῖα
1251 2384 1576 2471 piraticam
1615 2406 1923 2461 exercere,
1952 2404 2143 2447 naves
2184 2404 2263 2446 ex
2306 2380 2437 2446 alto
2476 2379 2559 2445 ad
2604 2379 2757 2445 litus

555 2471 887 2551 deducere,
917 2492 1138 2557 cogere
1165 2470 1390 2535 invitas
1417 2470 1500 2535 ad
1543 2468 1987 2558 appellendum
2030 2468 2113 2533 nd
2155 2490 2327 2533 oram
2365 2481 2572 2545 11111111,
2602 2485 2755 2545 11011,

557 2580 686 2644 quo
713 2558 868 2645 ipsoe
895 2556 1258 2635 tendebant,
1290 2556 1488 2621 sinere
1514 2555 1881 2643 procedere3
1914 2554 2043 2619 sive
2069 2570 2145 2619 ut
2169 2552 2338 2617 illinc
2358 2574 2567 2617 sumas
2596 2574 2760 2616 mer-

555 2666 679 2721 ces,
725 2641 960 2729 quibus
1003 2655 1075 2706 tu
1119 2642 1252 2729 ipse
1293 2643 1362 2705 in
1408 2642 1421 2655 '
1508 2664 1597 2721 as,
1626 2666 1682 2707 e.
1714 2665 1772 2705 c.
1804 2640 2036 2727 species
2078 2638 2466 2718 annonariaS,
2496 2638 2649 2717 sive,
2682 2650 2759 2701 ut

555 2750 742 2815 cogas
799 2726 915 2792 tibi
972 2741 1143 2793 certa
1191 2728 1352 2793 vecti
1459 2728 1471 2741 '
1564 2727 1934 2815 dependere.
2032 2734 2094 2789 to
2135 2728 2407 2789 exer-eise
2444 2746 2488 2787 a
2528 2725 2760 2811 staple-

544 2814 896 2903 primlege.
989 2814 1320 2893 Βυζαντίους
1356 2820 1526 2896 ἔῶμεν
1560 2819 1638 2878 τὰ
1679 2818 1849 2889 πλοῖα
1894 2812 2166 2895 κατάγειν
2194 2813 2301 2897 63,
2332 2830 2432 2895 19.
2466 2825 2618 2892 217,
2656 2830 2756 2874 10.

565 2902 661 2965 16.
750 2920 910 2986 quas
937 2921 1126 2963 naves
1155 2900 1383 2974 ἁπάσας
1412 2904 1483 2975 εἰς
1511 2901 1634 2973 τοὺς
1666 2898 1953 2984 ὑμετέρους
1982 2896 2209 2977 λιμένας
2238 2898 2570 2981 κατῆγαγον
2597 2894 2755 2976 480,

563 3000 662 3069 15.
699 3000 888 3067 1207,
924 3002 1028 3067 27.
1115 2983 1474 3071 simpliciter
1502 2998 1596 3049 est
1631 3012 1689 3049 κ.
1720 2984 1933 3071 aliquo
1968 2982 2279 3047 abducere
2316 2980 2485 3061 navi,
2514 2986 2589 3054 εἰς
2620 2985 2759 3044 Χῖον

559 3070 868 3158 ἔπὲτρεψαν
917 3074 994 3133 τὰ
1031 3071 1311 3156 χρῆματα
1355 3073 1704 3155 καταχθῆναι
1748 3069 2026 3157 pervehi,
2056 3066 2302 3146 devehi,
2334 3090 2452 3155 pro
2495 3065 2761 3153 simplici

559 3156 794 3240 ἀχθῆναι
823 3175 977 3239 941,
1011 3174 1116 3240 23.
1147 3174 1296 3240 942,
1330 3157 1390 3220 8.
1479 3155 1556 3241 b)
1587 3155 1869 3235 domum,
1896 3156 1979 3221 nd
2018 3154 2193 3219 sedes
2230 3176 2375 3218 suas
2401 3174 2603 3230 veras,
2632 3152 2763 3239 pri-

561 3240 754 3305 stinas
780 3255 845 3305 et
872 3239 1115 3306 debitas
1142 3240 1460 3323 reducere,
1487 3242 1833 3329 praesertim
1874 3234 2195 3306 exsulem:
2250 3243 2415 3323 δῆμον
2458 3264 2513 3301 κ.
2546 3237 2763 3302 demo-

560 3326 816 3391 cratiam
845 3326 1174 3392 restituere
1210 3332 1352 3413 198,
1389 3346 1493 3411 27.
1525 3348 1675 3407 212,
1713 3344 1815 3410 17.
1851 3331 1956 3397 26.
2028 3332 2101 3401 εἰς
2128 3324 2193 3401 ἃς
2216 3325 2287 3388 '83
2332 3326 2457 3398 τοὺς
2500 3325 2761 3408 φυγάδας

562 3413 834 3497 κατάγων
868 3415 1016 3493 248,
1056 3434 1152 3499 19.
1245 3419 1610 3501 καταγῆοχεν
1642 3433 1789 3498 249,
1829 3415 1929 3477 18.
2015 3420 2125 3476 τῶν
2154 3417 2217 3475 ἐκ
2251 3416 2527 3495 Πειραιῶς
2568 3434 2761 3473 κατα-

559 3500 858 3583 γαγὸντων
899 3501 992 3562 τὸν
1037 3503 1198 3583 δῆμον
1239 3521 1390 3586 430,
1423 3502 1486 3564 6.
1576 3502 1933 3585 κατάγοντας
1970 3501 2241 3585 Ἀργαῖον
2284 3496 2653 3560 reducentes
2694 3495 2763 3559 in

531 3586 851 3669 regnum,
893 3586 1290 3651 restituentes
1333 3588 1482 3665 660,
1534 3605 1635 3670 13.
1722 3590 1789 3671 c)
1834 3583 2071 3648 deverti
2122 3582 2357 3671 aliqu0,
2402 3580 2767 3669 hospitandi

561 3670 790 3756 gratia,
819 3668 919 3733 vel
948 3672 1315 3736 commorari
1343 3670 1593 3735 alicubi.
1669 3670 2070 3755 καταγομένων
2110 3675 2180 3745 εἰς
2220 3673 2316 3747 τὴν
2355 3667 2533 3732 οἰκίαν
2568 3686 2762 3751 1190,

565 3771 668 3840 25.
721 3757 908 3837 1218,
961 3776 1059 3841 19.
1130 3757 1481 3837 μηδεπώποτε
1526 3758 1597 3831 ὥς
1640 3760 1802 3821 αὐτὸν
1848 3757 2220 3841 κατάγεσθαι.
2309 3752 2581 3840 hospitio
2624 3754 2766 3839 ejus

565 3862 894 3928 nunquam
953 3854 1236 3907 uteretur
1302 3860 1488 3923 1242,
1548 3861 1649 3910 12.
1739 3844 2019 3925 και-ἤγετο
2076 3845 2233 3926 παρὰ
2280 3840 2460 3926 τούτῳ
2514 3841 2767 3913 κῶιεῑνος

571 3944 762 4007 1242,
798 3922 1366 4012 14.-..;κατάγειν’τοὶ
1393 3932 1565 3992 πλοῖα
1596 3932 1693 3993 καὶ
1721 3930 1846 4003 τοὺς
1860 3927 2153 4004 ’Έλληνας
2198 3930 2262 3989 ἐκ
2306 3932 2401 4002 τῆς
2446 3928 2617 4011 κοινῆς
2664 3923 2769 3987 θα-

565 4013 779 4091 λάττης
807 4015 914 4077 AE.
949 4032 1058 4099 37,
1089 4033 1194 4081 22.
1280 4016 1404 4089 τοὺς
1433 4018 1497 4077 δι’
1528 4016 1811 4095 εὐσέβειαν
1854 4014 2130 4099 φυγόντας
2174 4012 2509 4096 κατήγαγον
2553 4028 2665 4094 72,
2698 4029 2768 4095 3.

567 4100 862 4182 κατάγειν,
895 4100 1156 4164 domum
1185 4099 1498 4164 reducere.
1545 4106 1655 4176 τοῖς
1679 4102 1771 4164 τὸν
1800 4102 1963 4179 δῆμον
1993 4101 2101 4162 ἀπὸ
2131 4102 2323 4173 Φυλῆς
2355 4101 2771 4180 καταγαγοῦσι

574 4184 681 4263 80,
709 4204 818 4270 33.
909 4185 1262 4270 κατάγεσθαι
1302 4187 1456 4269 παρά
1497 4212 1623 4265 τινι,
1670 4184 1941 4273 hospitio
1983 4184 2249 4270 alicujus
2290 4182 2387 4247 uti
2432 4181 2539 4268 85,
2566 4200 2761 4267 39.=

568 4270 843 4355 κατάγειν
868 4274 993 4345 τοὺς
1022 4273 1326 4355 φεύγοντας
1354 4271 1613 4336 domum
1642 4273 1965 4349 reducere,
1997 4285 2111 4335 aut
2152 4268 2459 4351 redeundi
2502 4265 2777 4331 faculta-

571 4370 700 4419 tem
728 4354 899 4435 dare,
929 4357 995 4420 in
1021 4356 1284 4445 pristina
1311 4357 1501 4437 bona,
1520 4358 1692 4445 jura,
1722 4357 2113 4445 (lignium,
2142 4356 2413 4420 honores
2438 4354 2777 4419 restituere

569 4444 705 4508 An.
741 4461 842 4524 14,
872 4457 933 4527 5.
947 4445 1152 4530 ἕταρ’
1185 4444 1370 4531 ἐκείνῳ
1399 4444 1747 4529 κατηγόμην.
1804 4464 1995 4531 penes
2022 4464 2169 4509 eum
2190 4440 2576 4507 devertebat.
2622 4438 2779 4505 hos-

2964 4120 2966 4189 t

2965 4226 2966 4275 ι
