<?xml version="1.0" encoding="UTF-8"?>
<!DOCTYPE html PUBLIC "-//W3C//DTD XHTML 1.0 Transitional//EN"
    "http://www.w3.org/TR/xhtml1/DTD/xhtml1-transitional.dtd">
<html xmlns="http://www.w3.org/1999/xhtml" xml:lang="en" lang="en">
 <head>
  <title>
</title>
<meta http-equiv="Content-Type" content="text/html;charset=utf-8" />
  <meta name='ocr-system' content='tesseract 3.04.00' />
  <meta name='ocr-capabilities' content='ocr_page ocr_carea ocr_par ocr_line ocrx_word'/>
</head>
<body>
  <div class='ocr_page' id='page_1' title='image "./indicesgraecita02mitcgoog_0046.png"; bbox 0 0 2975 4967; ppageno 0'>
   <div class='ocr_carea' id='block_1_1' title="bbox 539 256 1816 347">
    <p class='ocr_par' dir='ltr' id='par_1_1' title="bbox 539 256 1816 347">
     <span class='ocr_line' id='line_1_1' title="bbox 539 256 1816 347; baseline -0.006 -17"><span class='ocrx_word' id='word_1_1' title='bbox 539 266 670 347; x_wconf 74' lang='lat'><strong><em>462</em></strong></span> <span class='ocrx_word' id='word_1_2' title='bbox 1498 256 1816 324; x_wconf 84' lang='lat' dir='ltr'><strong>INDEX</strong></span> 
     </span>
    </p>
   </div>
   <div class='ocr_carea' id='block_1_2' title="bbox 543 426 2799 4559">
    <p class='ocr_par' dir='ltr' id='par_1_2' title="bbox 543 426 2799 4559">
     <span class='ocr_line' id='line_1_2' title="bbox 543 426 2751 521; baseline -0.003 -18"><span class='ocrx_word' id='word_1_3' title='bbox 543 432 808 503; x_wconf 81' lang='lat' dir='ltr'>tutelam</span> <span class='ocrx_word' id='word_1_4' title='bbox 835 432 999 499; x_wconf 80' lang='lat' dir='ltr'>male</span> <span class='ocrx_word' id='word_1_5' title='bbox 1025 442 1264 521; x_wconf 76' lang='lat' dir='ltr'>gestam</span> <span class='ocrx_word' id='word_1_6' title='bbox 1293 454 1425 497; x_wconf 79' lang='lat' dir='ltr'>esse</span> <span class='ocrx_word' id='word_1_7' title='bbox 1455 430 1607 511; x_wconf 87' lang='lat'>861,</span> <span class='ocrx_word' id='word_1_8' title='bbox 1634 430 1753 495; x_wconf 86' lang='lat' dir='ltr'><strong><em>ult.</em></strong></span> <span class='ocrx_word' id='word_1_9' title='bbox 1804 430 2119 517; x_wconf 75' lang='grc' dir='ltr'><strong><em>καταγνοὺς</em></strong></span> <span class='ocrx_word' id='word_1_10' title='bbox 2146 426 2367 495; x_wconf 86' lang='grc' dir='ltr'><strong><em>ἀδικίαν</em></strong></span> <span class='ocrx_word' id='word_1_11' title='bbox 2396 434 2567 495; x_wconf 79' lang='grc' dir='ltr'><strong><em>αὖτοῢ</em></strong></span> <span class='ocrx_word' id='word_1_12' title='bbox 2592 431 2751 518; x_wconf 90' lang='grc'><strong>879,</strong></span> 
     </span>
     <span class='ocr_line' id='line_1_3' title="bbox 553 518 2749 606; baseline -0.002 -19"><span class='ocrx_word' id='word_1_13' title='bbox 553 543 657 606; x_wconf 86' lang='lat'><strong><em>14.</em></strong></span> <span class='ocrx_word' id='word_1_14' title='bbox 729 524 930 585; x_wconf 77' lang='grc' dir='ltr'><strong><em>ἀδικεῖν</em></strong></span> <span class='ocrx_word' id='word_1_15' title='bbox 957 521 1110 606; x_wconf 86' lang='grc'><strong>581,</strong></span> <span class='ocrx_word' id='word_1_16' title='bbox 1147 539 1205 584; x_wconf 94' lang='lat'><strong><em>1.</em></strong></span> <span class='ocrx_word' id='word_1_17' title='bbox 1291 518 1424 583; x_wconf 71' lang='grc' dir='ltr'><strong><em>ὥστ’</em></strong></span> <span class='ocrx_word' id='word_1_18' title='bbox 1455 519 1684 593; x_wconf 75' lang='grc' dir='ltr'><strong><em>ἐκείνους</em></strong></span> <span class='ocrx_word' id='word_1_19' title='bbox 1714 521 1921 595; x_wconf 76' lang='grc' dir='ltr'><strong><em>κλοπὴν</em></strong></span> <span class='ocrx_word' id='word_1_20' title='bbox 1948 519 2121 580; x_wconf 72' lang='grc' dir='ltr'><strong><em>αὗτοῧ</em></strong></span> <span class='ocrx_word' id='word_1_21' title='bbox 2158 525 2517 601; x_wconf 76' lang='grc' dir='ltr'><strong><em>καταγνῶναι</em></strong></span> <span class='ocrx_word' id='word_1_22' title='bbox 2554 521 2749 604; x_wconf 86' lang='grc'><strong>1326,</strong></span> 
     </span>
     <span class='ocr_line' id='line_1_4' title="bbox 555 602 2753 695; baseline -0.002 -21"><span class='ocrx_word' id='word_1_23' title='bbox 555 629 657 695; x_wconf 92' lang='lat'><strong><em>19.</em></strong></span> <span class='ocrx_word' id='word_1_24' title='bbox 727 612 824 686; x_wconf 78' lang='grc' dir='ltr'><strong><em>τὴν</em></strong></span> <span class='ocrx_word' id='word_1_25' title='bbox 853 610 1020 685; x_wconf 80' lang='grc' dir='ltr'><strong><em>αὐτὴν</em></strong></span> <span class='ocrx_word' id='word_1_26' title='bbox 1050 606 1310 692; x_wconf 75' lang='grc' dir='ltr'><em>κατέγνω</em></span> <span class='ocrx_word' id='word_1_27' title='bbox 1339 603 1689 689; x_wconf 71' lang='grc' dir='ltr'>παρανομίαν</span> <span class='ocrx_word' id='word_1_28' title='bbox 1718 612 1823 667; x_wconf 79' lang='grc' dir='ltr'><strong><em>τῶν</em></strong></span> <span class='ocrx_word' id='word_1_29' title='bbox 1863 606 1949 667; x_wconf 66' lang='grc' dir='ltr'><strong><em>ἐπὶ</em></strong></span> <span class='ocrx_word' id='word_1_30' title='bbox 1988 607 2084 677; x_wconf 81' lang='grc' dir='ltr'><strong><em>τῆς</em></strong></span> <span class='ocrx_word' id='word_1_31' title='bbox 2122 602 2495 689; x_wconf 83' lang='grc' dir='ltr'><strong><em>δημοκρατίας</em></strong></span> <span class='ocrx_word' id='word_1_32' title='bbox 2536 630 2753 691; x_wconf 72' lang='grc' dir='ltr'><strong><em>κηρα-</em></strong></span> 
     </span>
     <span class='ocr_line' id='line_1_5' title="bbox 549 688 2756 778; baseline -0.001 -22"><span class='ocrx_word' id='word_1_33' title='bbox 549 694 791 778; x_wconf 75' lang='grc' dir='ltr'><strong><em>γμᾶνων,</em></strong></span> <span class='ocrx_word' id='word_1_34' title='bbox 822 692 884 771; x_wconf 76' lang='grc' dir='ltr'><strong><em>ἢν</em></strong></span> <span class='ocrx_word' id='word_1_35' title='bbox 911 701 1020 757; x_wconf 81' lang='grc' dir='ltr'><strong><em>τῶν</em></strong></span> <span class='ocrx_word' id='word_1_36' title='bbox 1049 694 1129 755; x_wconf 74' lang='grc' dir='ltr'><strong><em>ἐπ’</em></strong></span> <span class='ocrx_word' id='word_1_37' title='bbox 1163 692 1376 756; x_wconf 76' lang='grc' dir='ltr'><strong><em>ἐκείνων</em></strong></span> <span class='ocrx_word' id='word_1_38' title='bbox 1413 688 1565 775; x_wconf 79' lang='lat' dir='ltr'>[scil.</span> <span class='ocrx_word' id='word_1_39' title='bbox 1588 698 1695 753; x_wconf 84' lang='grc' dir='ltr'><strong><em>τῶν</em></strong></span> <span class='ocrx_word' id='word_1_40' title='bbox 1714 714 1783 755; x_wconf 89' lang='grc' dir='ltr'><strong><em>τυ</em></strong></span> <span class='ocrx_word' id='word_1_41' title='bbox 1816 688 2010 769; x_wconf 75' lang='grc' dir='ltr'><strong><em>ἀννων,</em></strong></span> <span class='ocrx_word' id='word_1_42' title='bbox 2031 690 2433 776; x_wconf 72' lang='grc' dir='ltr'><strong><em>πεπραγμένων</em></strong></span> <span class='ocrx_word' id='word_1_43' title='bbox 2463 688 2756 774; x_wconf 66' lang='grc' dir='ltr'><strong><em>κατεγνώ-</em></strong></span> 
     </span>
     <span class='ocr_line' id='line_1_6' title="bbox 553 772 2752 866; baseline -0.002 -21"><span class='ocrx_word' id='word_1_44' title='bbox 553 783 717 866; x_wconf 88' lang='grc' dir='ltr'><strong><em>κατε]</em></strong></span> <span class='ocrx_word' id='word_1_45' title='bbox 755 783 904 862; x_wconf 82' lang='grc' dir='ltr'><strong><em>ὑμεῖς</em></strong></span> <span class='ocrx_word' id='word_1_46' title='bbox 937 780 1087 863; x_wconf 89' lang='lat'>718,</span> <span class='ocrx_word' id='word_1_47' title='bbox 1120 796 1220 844; x_wconf 88' lang='grc'><strong><em>21.</em></strong></span> <span class='ocrx_word' id='word_1_48' title='bbox 1311 775 1406 851; x_wconf 74' lang='grc' dir='ltr'><strong><em>ἕως</em></strong></span> <span class='ocrx_word' id='word_1_49' title='bbox 1435 775 1503 841; x_wconf 72' lang='grc' dir='ltr'><strong><em>ἂν</em></strong></span> <span class='ocrx_word' id='word_1_50' title='bbox 1532 775 1723 863; x_wconf 74' lang='grc' dir='ltr'><strong><em>ἐκτίσῃ</em></strong></span> <span class='ocrx_word' id='word_1_51' title='bbox 1756 802 1782 839; x_wconf 84' lang='grc' dir='ltr'><strong><em>ο</em></strong></span> <span class='ocrx_word' id='word_1_52' title='bbox 1810 802 1867 839; x_wconf 89' lang='grc' dir='ltr'><strong><em>τι</em></strong></span> <span class='ocrx_word' id='word_1_53' title='bbox 1898 772 1965 838; x_wconf 72' lang='grc' dir='ltr'><strong><em>ἂν</em></strong></span> <span class='ocrx_word' id='word_1_54' title='bbox 1994 778 2363 861; x_wconf 77' lang='grc' dir='ltr'><strong><em>καταγνωσθῇ</em></strong></span> <span class='ocrx_word' id='word_1_55' title='bbox 2394 780 2566 839; x_wconf 76' lang='grc' dir='ltr'><strong><em>αὐτοῦ</em></strong></span> <span class='ocrx_word' id='word_1_56' title='bbox 2596 792 2752 858; x_wconf 91' lang='grc'><strong>721,</strong></span> 
     </span>
     <span class='ocr_line' id='line_1_7' title="bbox 559 862 2755 954; baseline -0.003 -22"><span class='ocrx_word' id='word_1_57' title='bbox 559 886 620 933; x_wconf 92' lang='grc'><strong>2.</strong></span> <span class='ocrx_word' id='word_1_58' title='bbox 675 864 975 954; x_wconf 73' lang='grc' dir='ltr'><strong><em>παρανοίας</em></strong></span> <span class='ocrx_word' id='word_1_59' title='bbox 1009 864 1162 949; x_wconf 85' lang='lat' dir='ltr'>[scil.</span> <span class='ocrx_word' id='word_1_60' title='bbox 1193 863 1368 950; x_wconf 88' lang='grc' dir='ltr'><strong><em>δίκην]</em></strong></span> <span class='ocrx_word' id='word_1_61' title='bbox 1407 862 1804 947; x_wconf 71' lang='grc' dir='ltr'><strong><em>καταγνώσεται</em></strong></span> <span class='ocrx_word' id='word_1_62' title='bbox 1833 868 1981 943; x_wconf 81' lang='grc' dir='ltr'><strong><em>ὑμῶν</em></strong></span> <span class='ocrx_word' id='word_1_63' title='bbox 2011 865 2193 926; x_wconf 79' lang='grc' dir='ltr'><strong><em>αὐτῶν</em></strong></span> <span class='ocrx_word' id='word_1_64' title='bbox 2222 862 2755 944; x_wconf 82' lang='grc' dir='ltr'><strong><em>μεταβουλευόμενοι</em></strong></span> 
     </span>
     <span class='ocr_line' id='line_1_8' title="bbox 563 946 2745 1037; baseline -0.005 -18"><span class='ocrx_word' id='word_1_65' title='bbox 563 972 748 1035; x_wconf 87' lang='lat'>1444,</span> <span class='ocrx_word' id='word_1_66' title='bbox 785 954 880 1017; x_wconf 89' lang='lat'><strong><em>16.</em></strong></span> <span class='ocrx_word' id='word_1_67' title='bbox 974 952 1053 1014; x_wconf 89' lang='lat' dir='ltr'><strong><em>In</em></strong></span> <span class='ocrx_word' id='word_1_68' title='bbox 1091 950 1358 1037; x_wconf 77' lang='lat' dir='ltr'>passivo.</span> <span class='ocrx_word' id='word_1_69' title='bbox 1433 949 1892 1033; x_wconf 73' lang='grc' dir='ltr'><strong><em>κατεγνωσμένης</em></strong></span> <span class='ocrx_word' id='word_1_70' title='bbox 1926 946 2021 1024; x_wconf 78' lang='grc' dir='ltr'><strong><em>ἤδη</em></strong></span> <span class='ocrx_word' id='word_1_71' title='bbox 2058 957 2155 1025; x_wconf 81' lang='grc' dir='ltr'><strong><em>τῆς</em></strong></span> <span class='ocrx_word' id='word_1_72' title='bbox 2194 946 2342 1024; x_wconf 84' lang='grc' dir='ltr'><strong><em>δίκης</em></strong></span> <span class='ocrx_word' id='word_1_73' title='bbox 2374 947 2523 1030; x_wconf 90' lang='grc'><strong>872,</strong></span> <span class='ocrx_word' id='word_1_74' title='bbox 2554 963 2633 1031; x_wconf 87' lang='grc'><strong>27</strong></span> <span class='ocrx_word' id='word_1_75' title='bbox 2646 978 2745 1011; x_wconf 88' lang='lat'>.=</span> 
     </span>
     <span class='ocr_line' id='line_1_9' title="bbox 558 1034 2758 1123; baseline -0.003 -20"><span class='ocrx_word' id='word_1_76' title='bbox 558 1038 1002 1123; x_wconf 77' lang='grc' dir='ltr'><strong><em>καταγινώσκειν</em></strong></span> <span class='ocrx_word' id='word_1_77' title='bbox 1032 1036 1302 1121; x_wconf 70' lang='grc' dir='ltr'><strong><em>αἶσχῦνην</em></strong></span> <span class='ocrx_word' id='word_1_78' title='bbox 1327 1036 1466 1109; x_wconf 81' lang='grc' dir='ltr'><strong><em>τινὸς</em></strong></span> <span class='ocrx_word' id='word_1_79' title='bbox 1498 1034 1609 1098; x_wconf 85' lang='lat' dir='ltr'>AE.</span> <span class='ocrx_word' id='word_1_80' title='bbox 1644 1052 1751 1118; x_wconf 85' lang='lat'>23,</span> <span class='ocrx_word' id='word_1_81' title='bbox 1779 1054 1888 1113; x_wconf 88' lang='lat'><strong><em>40.</em></strong></span> <span class='ocrx_word' id='word_1_82' title='bbox 1980 1034 2297 1117; x_wconf 82' lang='grc' dir='ltr'><strong><em>καταγνοὺς</em></strong></span> <span class='ocrx_word' id='word_1_83' title='bbox 2324 1035 2525 1097; x_wconf 75' lang='grc' dir='ltr'><strong><em>ἀδικεῖν</em></strong></span> <span class='ocrx_word' id='word_1_84' title='bbox 2556 1040 2758 1098; x_wconf 70' lang='grc' dir='ltr'><strong><em>ἑαυτοῦ</em></strong></span> 
     </span>
     <span class='ocr_line' id='line_1_10' title="bbox 562 1118 2763 1210; baseline -0.005 -19"><span class='ocrx_word' id='word_1_85' title='bbox 562 1144 667 1210; x_wconf 91' lang='grc'><strong><em>29,</em></strong></span> <span class='ocrx_word' id='word_1_86' title='bbox 697 1144 764 1205; x_wconf 93' lang='lat'><strong><em>4.</em></strong></span> <span class='ocrx_word' id='word_1_87' title='bbox 841 1122 1210 1209; x_wconf 80' lang='grc' dir='ltr'><strong><em>ἀνελευθερίαν</em></strong></span> <span class='ocrx_word' id='word_1_88' title='bbox 1238 1128 1600 1203; x_wconf 82' lang='grc' dir='ltr'><strong><em>καταγνῶναι</em></strong></span> <span class='ocrx_word' id='word_1_89' title='bbox 1630 1127 1727 1185; x_wconf 84' lang='grc' dir='ltr'><strong><em>τοῦ</em></strong></span> <span class='ocrx_word' id='word_1_90' title='bbox 1766 1122 1933 1200; x_wconf 84' lang='grc' dir='ltr'><strong><em>δῆμου</em></strong></span> <span class='ocrx_word' id='word_1_91' title='bbox 1964 1121 2069 1199; x_wconf 91' lang='grc'><strong>60,</strong></span> <span class='ocrx_word' id='word_1_92' title='bbox 2111 1140 2137 1183; x_wconf 96' lang='lat'>1</span> <span class='ocrx_word' id='word_1_93' title='bbox 2156 1138 2208 1183; x_wconf 90' lang='lat'><strong><em>1.</em></strong></span> <span class='ocrx_word' id='word_1_94' title='bbox 2296 1118 2608 1203; x_wconf 69' lang='grc' dir='ltr'><strong><em>ἀπογνώτω</em></strong></span> <span class='ocrx_word' id='word_1_95' title='bbox 2650 1148 2763 1204; x_wconf 83' lang='grc' dir='ltr'><strong><em>μη-</em></strong></span> 
     </span>
     <span class='ocr_line' id='line_1_11' title="bbox 560 1204 2747 1293; baseline -0.003 -19"><span class='ocrx_word' id='word_1_96' title='bbox 560 1214 665 1289; x_wconf 76' lang='grc' dir='ltr'><strong><em>δὲν,</em></strong></span> <span class='ocrx_word' id='word_1_97' title='bbox 696 1210 831 1293; x_wconf 79' lang='grc' dir='ltr'><strong><em>μηδὲ</em></strong></span> <span class='ocrx_word' id='word_1_98' title='bbox 877 1208 1252 1293; x_wconf 78' lang='grc' dir='ltr'><strong><em>καταγνώτω,</em></strong></span> <span class='ocrx_word' id='word_1_99' title='bbox 1285 1228 1493 1292; x_wconf 87' lang='lat' dir='ltr'>neque</span> <span class='ocrx_word' id='word_1_100' title='bbox 1532 1204 1839 1286; x_wconf 77' lang='lat' dir='ltr'>absolvat,</span> <span class='ocrx_word' id='word_1_101' title='bbox 1866 1228 2072 1292; x_wconf 88' lang='lat' dir='ltr'>neque</span> <span class='ocrx_word' id='word_1_102' title='bbox 2114 1204 2370 1271; x_wconf 80' lang='lat' dir='ltr'>damnet</span> <span class='ocrx_word' id='word_1_103' title='bbox 2412 1210 2523 1281; x_wconf 86' lang='lat'>62,</span> <span class='ocrx_word' id='word_1_104' title='bbox 2560 1225 2747 1287; x_wconf 87' lang='lat'><strong><em>14.=</em></strong></span> 
     </span>
     <span class='ocr_line' id='line_1_12' title="bbox 560 1289 2764 1384; baseline -0.002 -23"><span class='ocrx_word' id='word_1_105' title='bbox 560 1298 788 1384; x_wconf 74' lang='grc' dir='ltr'><strong><em>ἐρημίαν</em></strong></span> <span class='ocrx_word' id='word_1_106' title='bbox 834 1302 982 1377; x_wconf 80' lang='grc' dir='ltr'><strong><em>ἡμῶν</em></strong></span> <span class='ocrx_word' id='word_1_107' title='bbox 1030 1298 1241 1371; x_wconf 76' lang='grc' dir='ltr'><strong><em>πολλὴν</em></strong></span> <span class='ocrx_word' id='word_1_108' title='bbox 1287 1291 1681 1379; x_wconf 77' lang='grc' dir='ltr'><strong><em>καταγνόντες.</em></strong></span> <span class='ocrx_word' id='word_1_109' title='bbox 1752 1291 2035 1357; x_wconf 82' lang='lat' dir='ltr'>arbitrati</span> <span class='ocrx_word' id='word_1_110' title='bbox 2082 1314 2197 1355; x_wconf 84' lang='lat' dir='ltr'><strong><em>nos</em></strong></span> <span class='ocrx_word' id='word_1_111' title='bbox 2244 1289 2432 1379; x_wconf 74' lang='lat' dir='ltr'>plane</span> <span class='ocrx_word' id='word_1_112' title='bbox 2480 1289 2764 1357; x_wconf 79' lang='lat' dir='ltr'>desertos</span> 
     </span>
     <span class='ocr_line' id='line_1_13' title="bbox 563 1376 2755 1467; baseline -0.004 -20"><span class='ocrx_word' id='word_1_113' title='bbox 563 1406 694 1447; x_wconf 75' lang='lat' dir='ltr'>esse</span> <span class='ocrx_word' id='word_1_114' title='bbox 744 1382 797 1445; x_wconf 92' lang='grc' dir='ltr'><strong><em>Ῑ.</em></strong></span> <span class='ocrx_word' id='word_1_115' title='bbox 844 1398 952 1467; x_wconf 91' lang='grc'><strong><em>35,</em></strong></span> <span class='ocrx_word' id='word_1_116' title='bbox 1008 1399 1108 1444; x_wconf 88' lang='lat'><strong><em>11.</em></strong></span> <span class='ocrx_word' id='word_1_117' title='bbox 1191 1405 1274 1442; x_wconf 73' lang='lat' dir='ltr'><strong><em>me</em></strong></span> <span class='ocrx_word' id='word_1_118' title='bbox 1307 1377 1495 1441; x_wconf 80' lang='grc' dir='ltr'><strong><em>όινοιαν</em></strong></span> <span class='ocrx_word' id='word_1_119' title='bbox 1546 1378 1877 1461; x_wconf 73' lang='grc' dir='ltr'><strong><em>Κλεωνύμου</em></strong></span> <span class='ocrx_word' id='word_1_120' title='bbox 1930 1376 2378 1463; x_wconf 73' lang='grc' dir='ltr'><strong><em>καταγινώσκειν</em></strong></span> <span class='ocrx_word' id='word_1_121' title='bbox 2429 1379 2567 1463; x_wconf 89' lang='grc'><strong>[14,</strong></span> <span class='ocrx_word' id='word_1_122' title='bbox 2616 1380 2755 1463; x_wconf 90' lang='lat'>60.]</span> 
     </span>
     <span class='ocr_line' id='line_1_14' title="bbox 565 1461 2767 1554; baseline -0.003 -22"><span class='ocrx_word' id='word_1_123' title='bbox 565 1494 782 1554; x_wconf 86' lang='grc' dir='ltr'><strong><em>καταγ.</em></strong></span> <span class='ocrx_word' id='word_1_124' title='bbox 813 1470 953 1541; x_wconf 80' lang='grc' dir='ltr'><strong><em>τινὸς</em></strong></span> <span class='ocrx_word' id='word_1_125' title='bbox 982 1471 1264 1551; x_wconf 75' lang='grc' dir='ltr'><strong><em>εἰσαγγελ</em></strong></span> <span class='ocrx_word' id='word_1_126' title='bbox 1288 1491 1378 1528; x_wconf 93' lang='grc' dir='ltr'><strong><em>αν.</em></strong></span> <span class='ocrx_word' id='word_1_127' title='bbox 1423 1466 1489 1528; x_wconf 88' lang='lat' dir='ltr'><strong><em>in</em></strong></span> <span class='ocrx_word' id='word_1_128' title='bbox 1517 1486 1706 1527; x_wconf 79' lang='lat' dir='ltr'>causa</span> <span class='ocrx_word' id='word_1_129' title='bbox 1731 1463 2101 1549; x_wconf 77' lang='grc' dir='ltr'><strong><em>εἰσαγγελίας</em></strong></span> <span class='ocrx_word' id='word_1_130' title='bbox 2130 1462 2297 1527; x_wconf 80' lang='lat' dir='ltr'>dicta</span> <span class='ocrx_word' id='word_1_131' title='bbox 2324 1461 2625 1527; x_wconf 79' lang='lat' dir='ltr'>adversus</span> <span class='ocrx_word' id='word_1_132' title='bbox 2652 1462 2767 1527; x_wconf 79' lang='lat' dir='ltr'>ali-</span> 
     </span>
     <span class='ocr_line' id='line_1_15' title="bbox 565 1546 2769 1641; baseline -0.003 -24"><span class='ocrx_word' id='word_1_133' title='bbox 565 1576 757 1641; x_wconf 90' lang='lat' dir='ltr'>quem</span> <span class='ocrx_word' id='word_1_134' title='bbox 783 1552 953 1616; x_wconf 87' lang='lat' dir='ltr'>litem</span> <span class='ocrx_word' id='word_1_135' title='bbox 993 1551 1164 1630; x_wconf 82' lang='lat' dir='ltr'>dare,</span> <span class='ocrx_word' id='word_1_136' title='bbox 1195 1549 1294 1614; x_wconf 88' lang='lat' dir='ltr'><strong><em>vel</em></strong></span> <span class='ocrx_word' id='word_1_137' title='bbox 1321 1572 1465 1614; x_wconf 90' lang='lat' dir='ltr'><strong><em>eum</em></strong></span> <span class='ocrx_word' id='word_1_138' title='bbox 1506 1550 1917 1614; x_wconf 81' lang='lat' dir='ltr'>condemnare</span> <span class='ocrx_word' id='word_1_139' title='bbox 1947 1551 2053 1630; x_wconf 88' lang='lat'><strong><em>84,</em></strong></span> <span class='ocrx_word' id='word_1_140' title='bbox 2089 1568 2143 1614; x_wconf 87' lang='lat'>2.</span> <span class='ocrx_word' id='word_1_141' title='bbox 2220 1556 2331 1622; x_wconf 78' lang='grc' dir='ltr'><strong><em>πῶς</em></strong></span> <span class='ocrx_word' id='word_1_142' title='bbox 2377 1546 2443 1611; x_wconf 72' lang='grc' dir='ltr'><strong><em>ἂν</em></strong></span> <span class='ocrx_word' id='word_1_143' title='bbox 2486 1555 2636 1630; x_wconf 78' lang='grc' dir='ltr'><strong><em>ὑμῶν</em></strong></span> <span class='ocrx_word' id='word_1_144' title='bbox 2677 1575 2769 1623; x_wconf 86' lang='grc' dir='ltr'><strong><em>τις</em></strong></span> 
     </span>
     <span class='ocr_line' id='line_1_16' title="bbox 568 1634 2766 1724; baseline -0.004 -21"><span class='ocrx_word' id='word_1_145' title='bbox 568 1637 875 1723; x_wconf 81' lang='grc' dir='ltr'><strong><em>καταγνοίη</em></strong></span> <span class='ocrx_word' id='word_1_146' title='bbox 910 1634 1384 1724; x_wconf 77' lang='grc' dir='ltr'><strong><em>ψευδομαρτυρίαν</em></strong></span> <span class='ocrx_word' id='word_1_147' title='bbox 1430 1637 1771 1723; x_wconf 74' lang='grc' dir='ltr'><strong><em>Δημαράτου</em></strong></span> <span class='ocrx_word' id='word_1_148' title='bbox 1820 1654 1963 1715; x_wconf 89' lang='grc'><strong>110,</strong></span> <span class='ocrx_word' id='word_1_149' title='bbox 1998 1636 2349 1720; x_wconf 64' lang='grc' dir='ltr'><strong><em>27.εμηδὲν</em></strong></span> <span class='ocrx_word' id='word_1_150' title='bbox 2386 1634 2602 1698; x_wconf 87' lang='grc' dir='ltr'><strong><em>ἀνόσιον</em></strong></span> <span class='ocrx_word' id='word_1_151' title='bbox 2634 1636 2766 1716; x_wconf 78' lang='grc' dir='ltr'><strong><em>μηδ’</em></strong></span> 
     </span>
     <span class='ocr_line' id='line_1_17' title="bbox 571 1719 2769 1823; baseline -0.001 -36"><span class='ocrx_word' id='word_1_152' title='bbox 571 1727 812 1823; x_wconf 66' lang='grc' dir='ltr'><strong><em>αἰσχρὸν</em></strong></span> <span class='ocrx_word' id='word_1_153' title='bbox 856 1731 1206 1808; x_wconf 83' lang='grc' dir='ltr'><strong><em>καταγνῶτε.</em></strong></span> <span class='ocrx_word' id='word_1_154' title='bbox 1295 1722 1488 1788; x_wconf 86' lang='lat' dir='ltr'>nolite</span> <span class='ocrx_word' id='word_1_155' title='bbox 1530 1722 1937 1809; x_wconf 77' lang='lat' dir='ltr'>pronuntiare</span> <span class='ocrx_word' id='word_1_156' title='bbox 1978 1744 2081 1785; x_wconf 90' lang='lat' dir='ltr'><strong><em>me</em></strong></span> <span class='ocrx_word' id='word_1_157' title='bbox 2122 1742 2301 1785; x_wconf 88' lang='lat' dir='ltr'>reum</span> <span class='ocrx_word' id='word_1_158' title='bbox 2345 1742 2477 1785; x_wconf 84' lang='lat' dir='ltr'>esse</span> <span class='ocrx_word' id='word_1_159' title='bbox 2518 1719 2769 1785; x_wconf 75' lang='lat' dir='ltr'>sceleris</span> 
     </span>
     <span class='ocr_line' id='line_1_18' title="bbox 569 1804 2765 1899; baseline -0.002 -24"><span class='ocrx_word' id='word_1_160' title='bbox 569 1810 744 1899; x_wconf 80' lang='lat' dir='ltr'>impii</span> <span class='ocrx_word' id='word_1_161' title='bbox 775 1824 839 1875; x_wconf 90' lang='lat' dir='ltr'><strong><em>et</em></strong></span> <span class='ocrx_word' id='word_1_162' title='bbox 875 1810 1142 1889; x_wconf 77' lang='lat' dir='ltr'>infamiS,</span> <span class='ocrx_word' id='word_1_163' title='bbox 1173 1810 1240 1873; x_wconf 88' lang='lat' dir='ltr'>h.</span> <span class='ocrx_word' id='word_1_164' title='bbox 1268 1831 1321 1873; x_wconf 91' lang='lat' dir='ltr'><strong><em>e.</em></strong></span> <span class='ocrx_word' id='word_1_165' title='bbox 1353 1808 1756 1897; x_wconf 84' lang='lat' dir='ltr'>ignominiam</span> <span class='ocrx_word' id='word_1_166' title='bbox 1802 1808 1880 1887; x_wconf 91' lang='lat' dir='ltr'><strong><em>ei,</em></strong></span> <span class='ocrx_word' id='word_1_167' title='bbox 1910 1807 2023 1895; x_wconf 89' lang='lat' dir='ltr'><strong><em>qui</em></strong></span> <span class='ocrx_word' id='word_1_168' title='bbox 2064 1804 2462 1884; x_wconf 83' lang='lat' dir='ltr'>commiserit,</span> <span class='ocrx_word' id='word_1_169' title='bbox 2492 1806 2765 1871; x_wconf 77' lang='lat' dir='ltr'>conscis-</span> 
     </span>
     <span class='ocr_line' id='line_1_19' title="bbox 569 1891 2768 1981; baseline -0.003 -19"><span class='ocrx_word' id='word_1_170' title='bbox 569 1897 764 1962; x_wconf 85' lang='lat' dir='ltr'>centis</span> <span class='ocrx_word' id='word_1_171' title='bbox 795 1899 880 1960; x_wconf 91' lang='lat' dir='ltr'><strong><em>A.</em></strong></span> <span class='ocrx_word' id='word_1_172' title='bbox 917 1908 1061 1975; x_wconf 87' lang='lat'>117,</span> <span class='ocrx_word' id='word_1_173' title='bbox 1091 1897 1200 1981; x_wconf 86' lang='lat'>36.</span> <span class='ocrx_word' id='word_1_174' title='bbox 1275 1899 1334 1957; x_wconf 81' lang='grc' dir='ltr'><strong><em>οὐ</em></strong></span> <span class='ocrx_word' id='word_1_175' title='bbox 1367 1896 1678 1980; x_wconf 76' lang='grc' dir='ltr'><strong><em>καταγνοὺς</em></strong></span> <span class='ocrx_word' id='word_1_176' title='bbox 1707 1896 1869 1969; x_wconf 77' lang='grc' dir='ltr'><strong><em>αὐτὸς</em></strong></span> <span class='ocrx_word' id='word_1_177' title='bbox 1898 1900 2116 1973; x_wconf 70' lang='grc' dir='ltr'><strong><em>ἑαυτοῦ,</em></strong></span> <span class='ocrx_word' id='word_1_178' title='bbox 2147 1916 2273 1957; x_wconf 86' lang='grc'><strong>11011</strong></span> <span class='ocrx_word' id='word_1_179' title='bbox 2314 1891 2602 1957; x_wconf 77' lang='lat' dir='ltr'>diffidens</span> <span class='ocrx_word' id='word_1_180' title='bbox 2630 1892 2768 1979; x_wconf 82' lang='lat' dir='ltr'>ipse</span> 
     </span>
     <span class='ocr_line' id='line_1_20' title="bbox 571 1978 2765 2069; baseline -0.002 -21"><span class='ocrx_word' id='word_1_181' title='bbox 571 2007 702 2048; x_wconf 85' lang='lat' dir='ltr'><strong><em>suae</em></strong></span> <span class='ocrx_word' id='word_1_182' title='bbox 728 2006 948 2047; x_wconf 82' lang='lat' dir='ltr'>causae.</span> <span class='ocrx_word' id='word_1_183' title='bbox 1037 2004 1162 2046; x_wconf 90' lang='lat' dir='ltr'><strong><em>non</em></strong></span> <span class='ocrx_word' id='word_1_184' title='bbox 1193 1980 1559 2069; x_wconf 80' lang='lat' dir='ltr'>praejudicio</span> <span class='ocrx_word' id='word_1_185' title='bbox 1588 2003 1703 2044; x_wconf 81' lang='lat' dir='ltr'><strong><em>suo</em></strong></span> <span class='ocrx_word' id='word_1_186' title='bbox 1740 1993 1935 2044; x_wconf 85' lang='lat' dir='ltr'>semet</span> <span class='ocrx_word' id='word_1_187' title='bbox 1970 1978 2105 2065; x_wconf 79' lang='lat' dir='ltr'>ipse</span> <span class='ocrx_word' id='word_1_188' title='bbox 2146 1980 2566 2044; x_wconf 77' lang='lat' dir='ltr'>condemnans</span> <span class='ocrx_word' id='word_1_189' title='bbox 2618 1982 2765 2059; x_wconf 84' lang='grc'><strong>128,</strong></span> 
     </span>
     <span class='ocr_line' id='line_1_21' title="bbox 575 2063 2767 2153; baseline -0.002 -20"><span class='ocrx_word' id='word_1_190' title='bbox 575 2072 637 2133; x_wconf 93' lang='grc'><strong><em>8.</em></strong></span> <span class='ocrx_word' id='word_1_191' title='bbox 711 2068 866 2138; x_wconf 78' lang='grc' dir='ltr'><strong><em>Φόνου</em></strong></span> <span class='ocrx_word' id='word_1_192' title='bbox 897 2065 1045 2144; x_wconf 79' lang='grc' dir='ltr'><strong><em>δίκην</em></strong></span> <span class='ocrx_word' id='word_1_193' title='bbox 1075 2078 1456 2153; x_wconf 79' lang='grc' dir='ltr'><strong><em>καταγνῶναι.</em></strong></span> <span class='ocrx_word' id='word_1_194' title='bbox 1542 2066 1607 2129; x_wconf 87' lang='lat' dir='ltr'><strong><em>in</em></strong></span> <span class='ocrx_word' id='word_1_195' title='bbox 1651 2088 1839 2130; x_wconf 81' lang='lat' dir='ltr'>causa</span> <span class='ocrx_word' id='word_1_196' title='bbox 1872 2063 2191 2129; x_wconf 83' lang='lat' dir='ltr'>homicidii</span> <span class='ocrx_word' id='word_1_197' title='bbox 2233 2080 2451 2130; x_wconf 81' lang='lat' dir='ltr'>contra</span> <span class='ocrx_word' id='word_1_198' title='bbox 2490 2064 2767 2152; x_wconf 81' lang='lat' dir='ltr'>aliquem</span> 
     </span>
     <span class='ocr_line' id='line_1_22' title="bbox 572 2150 2771 2254; baseline -0.001 -36"><span class='ocrx_word' id='word_1_199' title='bbox 572 2154 978 2254; x_wconf 79' lang='lat' dir='ltr'>pronuntiare</span> <span class='ocrx_word' id='word_1_200' title='bbox 1011 2173 1156 2237; x_wconf 83' lang='lat'>130,</span> <span class='ocrx_word' id='word_1_201' title='bbox 1185 2171 1294 2234; x_wconf 91' lang='lat'><strong><em>40.</em></strong></span> <span class='ocrx_word' id='word_1_202' title='bbox 1358 2151 1729 2238; x_wconf 77' lang='grc' dir='ltr'><strong><em>καταγνόντες</em></strong></span> <span class='ocrx_word' id='word_1_203' title='bbox 1760 2160 1857 2216; x_wconf 84' lang='grc' dir='ltr'><strong><em>τοῦ</em></strong></span> <span class='ocrx_word' id='word_1_204' title='bbox 1886 2152 2071 2237; x_wconf 77' lang='grc' dir='ltr'><strong><em>ἀνδρὸς</em></strong></span> <span class='ocrx_word' id='word_1_205' title='bbox 2097 2152 2191 2214; x_wconf 84' lang='grc' dir='ltr'><strong><em>τὸν</em></strong></span> <span class='ocrx_word' id='word_1_206' title='bbox 2221 2152 2471 2215; x_wconf 76' lang='grc' dir='ltr'><strong><em>θάνατον.</em></strong></span> <span class='ocrx_word' id='word_1_207' title='bbox 2546 2150 2771 2215; x_wconf 82' lang='lat' dir='ltr'>mortis</span> 
     </span>
     <span class='ocr_line' id='line_1_23' title="bbox 575 2235 2771 2324; baseline -0.003 -20"><span class='ocrx_word' id='word_1_208' title='bbox 575 2263 643 2304; x_wconf 89' lang='lat' dir='ltr'>m</span> <span class='ocrx_word' id='word_1_209' title='bbox 671 2262 817 2305; x_wconf 90' lang='lat' dir='ltr'><strong><em>eum</em></strong></span> <span class='ocrx_word' id='word_1_210' title='bbox 846 2239 1014 2303; x_wconf 85' lang='lat' dir='ltr'>dicta</span> <span class='ocrx_word' id='word_1_211' title='bbox 1040 2238 1342 2303; x_wconf 81' lang='lat' dir='ltr'>sententia</span> <span class='ocrx_word' id='word_1_212' title='bbox 1377 2255 1525 2324; x_wconf 84' lang='lat'>135,</span> <span class='ocrx_word' id='word_1_213' title='bbox 1550 2257 1611 2323; x_wconf 86' lang='lat'>3.</span> <span class='ocrx_word' id='word_1_214' title='bbox 1699 2238 1893 2301; x_wconf 79' lang='grc' dir='ltr'><strong><em>τούτου</em></strong></span> <span class='ocrx_word' id='word_1_215' title='bbox 1924 2238 2287 2321; x_wconf 78' lang='grc' dir='ltr'><strong><em>κατέγνωστο</em></strong></span> <span class='ocrx_word' id='word_1_216' title='bbox 2326 2238 2429 2319; x_wconf 71' lang='grc' dir='ltr'><strong><em>μὲν</em></strong></span> <span class='ocrx_word' id='word_1_217' title='bbox 2464 2236 2557 2314; x_wconf 77' lang='grc' dir='ltr'><strong><em>ἤδη</em></strong></span> <span class='ocrx_word' id='word_1_218' title='bbox 2598 2235 2771 2299; x_wconf 73' lang='grc' dir='ltr'><strong><em>θάνα-</em></strong></span> 
     </span>
     <span class='ocr_line' id='line_1_24' title="bbox 575 2322 2779 2413; baseline -0.001 -24"><span class='ocrx_word' id='word_1_219' title='bbox 575 2352 668 2401; x_wconf 89' lang='grc' dir='ltr'><strong><em>τος</em></strong></span> <span class='ocrx_word' id='word_1_220' title='bbox 703 2342 848 2413; x_wconf 86' lang='grc'><strong>137,</strong></span> <span class='ocrx_word' id='word_1_221' title='bbox 877 2324 1522 2411; x_wconf 61' lang='grc' dir='ltr'><strong><em>34.πκαταγινῶσκειν</em></strong></span> <span class='ocrx_word' id='word_1_222' title='bbox 1545 2330 1741 2388; x_wconf 71' lang='grc' dir='ltr'><strong><em>ἑαυτοῦ</em></strong></span> <span class='ocrx_word' id='word_1_223' title='bbox 1783 2327 1986 2387; x_wconf 77' lang='grc' dir='ltr'><strong><em>ἀδικεῖν</em></strong></span> <span class='ocrx_word' id='word_1_224' title='bbox 2018 2322 2114 2407; x_wconf 89' lang='lat' dir='ltr'><strong><em>(id</em></strong></span> <span class='ocrx_word' id='word_1_225' title='bbox 2152 2336 2269 2401; x_wconf 82' lang='lat' dir='ltr'>est,</span> <span class='ocrx_word' id='word_1_226' title='bbox 2296 2325 2359 2387; x_wconf 80' lang='grc' dir='ltr'><strong><em>τὸ</em></strong></span> <span class='ocrx_word' id='word_1_227' title='bbox 2400 2324 2627 2400; x_wconf 76' lang='grc' dir='ltr'><strong><em>ἀδικεῖν,</em></strong></span> <span class='ocrx_word' id='word_1_228' title='bbox 2656 2344 2779 2387; x_wconf 76' lang='lat' dir='ltr'><strong><em>fleu·</em></strong></span> 
     </span>
     <span class='ocr_line' id='line_1_25' title="bbox 575 2407 2773 2499; baseline -0 -25"><span class='ocrx_word' id='word_1_229' title='bbox 575 2412 822 2497; x_wconf 77' lang='grc' dir='ltr'><strong><em>ἀδικίαν)</em></strong></span> <span class='ocrx_word' id='word_1_230' title='bbox 855 2426 1050 2476; x_wconf 84' lang='lat' dir='ltr'>semet</span> <span class='ocrx_word' id='word_1_231' title='bbox 1075 2410 1283 2499; x_wconf 83' lang='lat' dir='ltr'>ipsum</span> <span class='ocrx_word' id='word_1_232' title='bbox 1315 2433 1493 2475; x_wconf 88' lang='lat' dir='ltr'>reum</span> <span class='ocrx_word' id='word_1_233' title='bbox 1521 2409 1747 2489; x_wconf 77' lang='lat' dir='ltr'>facere,</span> <span class='ocrx_word' id='word_1_234' title='bbox 1776 2432 1885 2473; x_wconf 87' lang='lat' dir='ltr'><strong><em>ore</em></strong></span> <span class='ocrx_word' id='word_1_235' title='bbox 1912 2432 2027 2473; x_wconf 84' lang='lat' dir='ltr'><strong><em>suo</em></strong></span> <span class='ocrx_word' id='word_1_236' title='bbox 2054 2432 2119 2474; x_wconf 82' lang='lat' dir='ltr'><strong><em>se</em></strong></span> <span class='ocrx_word' id='word_1_237' title='bbox 2146 2408 2559 2473; x_wconf 75' lang='lat' dir='ltr'>condemnare</span> <span class='ocrx_word' id='word_1_238' title='bbox 2584 2407 2773 2473; x_wconf 83' lang='lat' dir='ltr'>factae</span> 
     </span>
     <span class='ocr_line' id='line_1_26' title="bbox 577 2493 2775 2585; baseline -0.002 -24"><span class='ocrx_word' id='word_1_239' title='bbox 577 2498 823 2585; x_wconf 85' lang='lat' dir='ltr'>injuriae</span> <span class='ocrx_word' id='word_1_240' title='bbox 853 2500 1216 2574; x_wconf 83' lang='grc' dir='ltr'><strong><em>Αῐ1.-τινὸς</em></strong></span> <span class='ocrx_word' id='word_1_241' title='bbox 1243 2496 1455 2571; x_wconf 78' lang='grc' dir='ltr'><strong><em>εὐθύνας</em></strong></span> <span class='ocrx_word' id='word_1_242' title='bbox 1492 2516 1593 2577; x_wconf 90' lang='grc'><strong><em>10,</em></strong></span> <span class='ocrx_word' id='word_1_243' title='bbox 1620 2496 1731 2583; x_wconf 88' lang='grc'><strong>38.</strong></span> <span class='ocrx_word' id='word_1_244' title='bbox 1799 2499 1976 2582; x_wconf 78' lang='grc' dir='ltr'><strong><em>φυγὴν</em></strong></span> <span class='ocrx_word' id='word_1_245' title='bbox 2004 2514 2103 2576; x_wconf 82' lang='lat'>14,</span> <span class='ocrx_word' id='word_1_246' title='bbox 2126 2513 2163 2561; x_wconf 85' lang='grc'><strong>2</strong></span> <span class='ocrx_word' id='word_1_247' title='bbox 2164 2493 2775 2580; x_wconf 76' lang='grc' dir='ltr'><strong><em>5.--καταγινῶσκειν</em></strong></span> 
     </span>
     <span class='ocr_line' id='line_1_27' title="bbox 580 2579 2777 2671; baseline -0.002 -24"><span class='ocrx_word' id='word_1_248' title='bbox 580 2588 706 2648; x_wconf 75' lang='grc' dir='ltr'><strong><em>τινὰ</em></strong></span> <span class='ocrx_word' id='word_1_249' title='bbox 734 2582 887 2663; x_wconf 84' lang='grc' dir='ltr'><strong><em>φόνου</em></strong></span> <span class='ocrx_word' id='word_1_250' title='bbox 916 2606 1035 2671; x_wconf 84' lang='lat' dir='ltr'><strong><em>pro</em></strong></span> <span class='ocrx_word' id='word_1_251' title='bbox 1061 2584 1200 2659; x_wconf 80' lang='grc' dir='ltr'><strong><em>τινὸς</em></strong></span> <span class='ocrx_word' id='word_1_252' title='bbox 1231 2584 1383 2667; x_wconf 82' lang='grc' dir='ltr'><strong><em>φόνον</em></strong></span> <span class='ocrx_word' id='word_1_253' title='bbox 1414 2583 1498 2661; x_wconf 91' lang='lat' dir='ltr'><strong><em>L.</em></strong></span> <span class='ocrx_word' id='word_1_254' title='bbox 1530 2602 1638 2667; x_wconf 93' lang='lat'>94,</span> <span class='ocrx_word' id='word_1_255' title='bbox 1668 2600 1772 2669; x_wconf 84' lang='lat'>32.</span> <span class='ocrx_word' id='word_1_256' title='bbox 1847 2582 1988 2656; x_wconf 72' lang='grc' dir='ltr'><strong><em>τινὸς</em></strong></span> <span class='ocrx_word' id='word_1_257' title='bbox 2016 2579 2395 2657; x_wconf 72' lang='grc' dir='ltr'><strong><em>συκοφαντίαν</em></strong></span> <span class='ocrx_word' id='word_1_258' title='bbox 2428 2597 2574 2657; x_wconf 87' lang='grc'><strong>102,</strong></span> <span class='ocrx_word' id='word_1_259' title='bbox 2604 2596 2673 2666; x_wconf 85' lang='grc'><strong><em>5.</em></strong></span> <span class='ocrx_word' id='word_1_260' title='bbox 2728 2585 2777 2644; x_wconf 73' lang='grc' dir='ltr'><strong><em>εἰ</em></strong></span> 
     </span>
     <span class='ocr_line' id='line_1_28' title="bbox 581 2667 2776 2753; baseline -0.002 -20"><span class='ocrx_word' id='word_1_261' title='bbox 581 2673 752 2734; x_wconf 75' lang='grc' dir='ltr'><strong><em>αὐτοῦ</em></strong></span> <span class='ocrx_word' id='word_1_262' title='bbox 778 2670 880 2751; x_wconf 75' lang='grc' dir='ltr'><strong><em>μὶν</em></strong></span> <span class='ocrx_word' id='word_1_263' title='bbox 909 2668 1110 2733; x_wconf 78' lang='grc' dir='ltr'><strong><em>ἐκείνου</em></strong></span> <span class='ocrx_word' id='word_1_264' title='bbox 1140 2670 1370 2733; x_wconf 74' lang='grc' dir='ltr'><strong><em>θάνατον</em></strong></span> <span class='ocrx_word' id='word_1_265' title='bbox 1399 2670 1743 2753; x_wconf 80' lang='grc' dir='ltr'><strong><em>κατέγνωτε,</em></strong></span> <span class='ocrx_word' id='word_1_266' title='bbox 1775 2675 1869 2731; x_wconf 86' lang='grc' dir='ltr'><strong><em>τοῦ</em></strong></span> <span class='ocrx_word' id='word_1_267' title='bbox 1914 2668 1969 2731; x_wconf 76' lang='grc' dir='ltr'><strong><em>δὲ</em></strong></span> <span class='ocrx_word' id='word_1_268' title='bbox 1998 2672 2111 2731; x_wconf 71' lang='grc' dir='ltr'><strong><em>υἱοῦ</em></strong></span> <span class='ocrx_word' id='word_1_269' title='bbox 2142 2668 2452 2741; x_wconf 78' lang='grc' dir='ltr'><strong><em>ἀδικοῦντος</em></strong></span> <span class='ocrx_word' id='word_1_270' title='bbox 2480 2667 2542 2730; x_wconf 83' lang='grc' dir='ltr'><strong><em>δι’</em></strong></span> <span class='ocrx_word' id='word_1_271' title='bbox 2574 2669 2776 2730; x_wconf 74' lang='grc' dir='ltr'><strong><em>ἐκεῖνον</em></strong></span> 
     </span>
     <span class='ocr_line' id='line_1_29' title="bbox 582 2750 2778 2839; baseline -0.002 -20"><span class='ocrx_word' id='word_1_272' title='bbox 582 2756 980 2833; x_wconf 75' lang='grc' dir='ltr'><strong><em>ἀποψηφιεῖσθε</em></strong></span> <span class='ocrx_word' id='word_1_273' title='bbox 1011 2774 1154 2833; x_wconf 85' lang='grc'><strong>141,</strong></span> <span class='ocrx_word' id='word_1_274' title='bbox 1185 2774 1282 2821; x_wconf 84' lang='grc'><strong><em>12.</em></strong></span> <span class='ocrx_word' id='word_1_275' title='bbox 1330 2758 1507 2838; x_wconf 73' lang='grc' dir='ltr'><strong><em>φυγὴν</em></strong></span> <span class='ocrx_word' id='word_1_276' title='bbox 1536 2759 1703 2818; x_wconf 81' lang='grc' dir='ltr'><strong><em>αὑτοῦ</em></strong></span> <span class='ocrx_word' id='word_1_277' title='bbox 1734 2754 2046 2837; x_wconf 84' lang='grc' dir='ltr'><strong><em>καταγνοὺς</em></strong></span> <span class='ocrx_word' id='word_1_278' title='bbox 2076 2750 2311 2839; x_wconf 80' lang='grc' dir='ltr'><strong><em>Θρᾴκης</em></strong></span> <span class='ocrx_word' id='word_1_279' title='bbox 2342 2754 2437 2815; x_wconf 69' lang='grc' dir='ltr'><strong><em>καὶ</em></strong></span> <span class='ocrx_word' id='word_1_280' title='bbox 2466 2750 2652 2829; x_wconf 77' lang='grc' dir='ltr'><strong><em>πάσης</em></strong></span> <span class='ocrx_word' id='word_1_281' title='bbox 2678 2752 2778 2815; x_wconf 68' lang='grc' dir='ltr'><strong><em>πό-</em></strong></span> 
     </span>
     <span class='ocr_line' id='line_1_30' title="bbox 581 2840 2779 2927; baseline -0.002 -23"><span class='ocrx_word' id='word_1_282' title='bbox 581 2855 718 2914; x_wconf 87' lang='grc' dir='ltr'><strong><em>λεως</em></strong></span> <span class='ocrx_word' id='word_1_283' title='bbox 739 2840 964 2919; x_wconf 78' lang='grc' dir='ltr'><strong><em>πολίτης</em></strong></span> <span class='ocrx_word' id='word_1_284' title='bbox 986 2841 1244 2920; x_wconf 75' lang='grc' dir='ltr'><strong><em>ἐβούλετο</em></strong></span> <span class='ocrx_word' id='word_1_285' title='bbox 1264 2844 1485 2922; x_wconf 76' lang='grc' dir='ltr'><strong><em>μᾶλλον</em></strong></span> <span class='ocrx_word' id='word_1_286' title='bbox 1507 2840 1761 2927; x_wconf 74' lang='grc' dir='ltr'><strong><em>γενέσθαι</em></strong></span> <span class='ocrx_word' id='word_1_287' title='bbox 1792 2858 1934 2924; x_wconf 85' lang='grc'><strong>143,</strong></span> <span class='ocrx_word' id='word_1_288' title='bbox 1964 2858 2060 2923; x_wconf 85' lang='grc'><strong><em>19.</em></strong></span> <span class='ocrx_word' id='word_1_289' title='bbox 2107 2840 2477 2922; x_wconf 77' lang='grc' dir='ltr'><strong><em>καταγνόντες</em></strong></span> <span class='ocrx_word' id='word_1_290' title='bbox 2498 2846 2654 2915; x_wconf 74' lang='grc' dir='ltr'><strong><em>σφῶν</em></strong></span> <span class='ocrx_word' id='word_1_291' title='bbox 2677 2841 2779 2901; x_wconf 73' lang='grc' dir='ltr'><strong><em>αὖ-</em></strong></span> 
     </span>
     <span class='ocr_line' id='line_1_31' title="bbox 582 2920 2783 3011; baseline -0.001 -24"><span class='ocrx_word' id='word_1_292' title='bbox 582 2932 692 2989; x_wconf 81' lang='grc' dir='ltr'><strong><em>τίὸν</em></strong></span> <span class='ocrx_word' id='word_1_293' title='bbox 720 2928 922 2989; x_wconf 79' lang='grc' dir='ltr'><strong><em>ἀδικεῖν</em></strong></span> <span class='ocrx_word' id='word_1_294' title='bbox 954 2928 1100 3010; x_wconf 85' lang='grc'><strong>158,</strong></span> <span class='ocrx_word' id='word_1_295' title='bbox 1128 2940 1234 3011; x_wconf 87' lang='grc'><strong>25.</strong></span> <span class='ocrx_word' id='word_1_296' title='bbox 1279 2929 1357 3007; x_wconf 80' lang='grc' dir='ltr'><strong><em>μὴ</em></strong></span> <span class='ocrx_word' id='word_1_297' title='bbox 1388 2932 1745 3011; x_wconf 78' lang='grc' dir='ltr'><strong><em>καταγνῶναι</em></strong></span> <span class='ocrx_word' id='word_1_298' title='bbox 1776 2926 2097 3010; x_wconf 83' lang='grc' dir='ltr'><strong><em>δωροδοκίαν</em></strong></span> <span class='ocrx_word' id='word_1_299' title='bbox 2126 2930 2255 3006; x_wconf 74' lang='grc' dir='ltr'><strong><em>ἐμοῦ</em></strong></span> <span class='ocrx_word' id='word_1_300' title='bbox 2292 2927 2437 3009; x_wconf 88' lang='grc'><strong>163,</strong></span> <span class='ocrx_word' id='word_1_301' title='bbox 2463 2942 2570 3010; x_wconf 86' lang='grc'><strong><em>33.</em></strong></span> <span class='ocrx_word' id='word_1_302' title='bbox 2616 2920 2671 2986; x_wconf 82' lang='grc' dir='ltr'><strong><em>εῖ</em></strong></span> <span class='ocrx_word' id='word_1_303' title='bbox 2692 2948 2783 2997; x_wconf 87' lang='grc' dir='ltr'><strong><em>τις</em></strong></span> 
     </span>
     <span class='ocr_line' id='line_1_32' title="bbox 583 3008 2781 3096; baseline -0.001 -21"><span class='ocrx_word' id='word_1_304' title='bbox 583 3016 734 3093; x_wconf 81' lang='grc' dir='ltr'><strong><em>ὑμῶν</em></strong></span> <span class='ocrx_word' id='word_1_305' title='bbox 761 3011 1014 3095; x_wconf 73' lang='grc' dir='ltr'><strong><em>πονηρίαν</em></strong></span> <span class='ocrx_word' id='word_1_306' title='bbox 1042 3012 1474 3096; x_wconf 82' lang='grc' dir='ltr'><strong><em>καταγνώσεται</em></strong></span> <span class='ocrx_word' id='word_1_307' title='bbox 1503 3019 1611 3074; x_wconf 86' lang='grc' dir='ltr'><strong><em>τῶν</em></strong></span> <span class='ocrx_word' id='word_1_308' title='bbox 1644 3014 1715 3084; x_wconf 77' lang='grc' dir='ltr'><strong><em>ὥς</em></strong></span> <span class='ocrx_word' id='word_1_309' title='bbox 1754 3013 1849 3093; x_wconf 70' lang='grc' dir='ltr'><strong><em>ἐμὲ</em></strong></span> <span class='ocrx_word' id='word_1_310' title='bbox 1891 3010 2161 3074; x_wconf 73' lang='grc' dir='ltr'><strong><em>εἰσιόντων</em></strong></span> <span class='ocrx_word' id='word_1_311' title='bbox 2198 3026 2341 3092; x_wconf 92' lang='grc'><strong>170,</strong></span> <span class='ocrx_word' id='word_1_312' title='bbox 2384 3029 2480 3073; x_wconf 92' lang='grc'><strong><em>11.</em></strong></span> <span class='ocrx_word' id='word_1_313' title='bbox 2568 3008 2781 3073; x_wconf 79' lang='grc' dir='ltr'><strong><em>δειλίαν</em></strong></span> 
     </span>
     <span class='ocr_line' id='line_1_33' title="bbox 585 3095 2779 3183; baseline -0 -23"><span class='ocrx_word' id='word_1_314' title='bbox 585 3103 683 3160; x_wconf 82' lang='grc' dir='ltr'><strong><em>τοῦ</em></strong></span> <span class='ocrx_word' id='word_1_315' title='bbox 735 3102 814 3160; x_wconf 94' lang='grc' dir='ltr'><strong><em>Λ.</em></strong></span> <span class='ocrx_word' id='word_1_316' title='bbox 863 3095 998 3171; x_wconf 75' lang='grc' dir='ltr'><strong><em>υἶέος</em></strong></span> <span class='ocrx_word' id='word_1_317' title='bbox 1047 3116 1192 3177; x_wconf 89' lang='grc'><strong>141,</strong></span> <span class='ocrx_word' id='word_1_318' title='bbox 1239 3096 1298 3160; x_wconf 89' lang='grc'><strong><em>8.</em></strong></span> <span class='ocrx_word' id='word_1_319' title='bbox 1389 3096 1713 3175; x_wconf 76' lang='grc' dir='ltr'><strong><em>φαυλότητᾶ</em></strong></span> <span class='ocrx_word' id='word_1_320' title='bbox 1745 3120 1853 3179; x_wconf 87' lang='grc' dir='ltr'><strong><em>μου</em></strong></span> <span class='ocrx_word' id='word_1_321' title='bbox 1880 3096 2156 3182; x_wconf 73' lang='grc' dir='ltr'><strong><em>μεγίστην</em></strong></span> <span class='ocrx_word' id='word_1_322' title='bbox 2201 3096 2648 3182; x_wconf 79' lang='grc' dir='ltr'><strong><em>καταγινώσκεις</em></strong></span> <span class='ocrx_word' id='word_1_323' title='bbox 2672 3118 2779 3183; x_wconf 79' lang='lat' dir='ltr'>ap.</span> 
     </span>
     <span class='ocr_line' id='line_1_34' title="bbox 591 3180 2782 3270; baseline -0 -24"><span class='ocrx_word' id='word_1_324' title='bbox 591 3180 769 3247; x_wconf 83' lang='lat' dir='ltr'>Suid.</span> <span class='ocrx_word' id='word_1_325' title='bbox 791 3182 856 3245; x_wconf 89' lang='lat' dir='ltr'><strong><em>in</em></strong></span> <span class='ocrx_word' id='word_1_326' title='bbox 885 3188 1097 3261; x_wconf 81' lang='grc' dir='ltr'><strong><em>φαῦλον</em></strong></span> <span class='ocrx_word' id='word_1_327' title='bbox 1125 3180 1825 3270; x_wconf 69' lang='grc' dir='ltr'><strong><em>εῖρητ.-.;καταγινῶσκειν</em></strong></span> <span class='ocrx_word' id='word_1_328' title='bbox 1852 3188 2048 3246; x_wconf 66' lang='grc' dir='ltr'><strong><em>ἑαυτοῦ</em></strong></span> <span class='ocrx_word' id='word_1_329' title='bbox 2076 3182 2245 3246; x_wconf 71' lang='grc' dir='ltr'><strong><em>ἀΐδιον</em></strong></span> <span class='ocrx_word' id='word_1_330' title='bbox 2274 3186 2449 3264; x_wconf 79' lang='grc' dir='ltr'><strong><em>φυγὴν</em></strong></span> <span class='ocrx_word' id='word_1_331' title='bbox 2472 3182 2602 3269; x_wconf 82' lang='lat' dir='ltr'><strong><em>Ly.</em></strong></span> <span class='ocrx_word' id='word_1_332' title='bbox 2632 3198 2782 3267; x_wconf 86' lang='lat'>150,</span> 
     </span>
     <span class='ocr_line' id='line_1_35' title="bbox 587 3266 2785 3355; baseline -0.001 -23"><span class='ocrx_word' id='word_1_333' title='bbox 587 3287 695 3355; x_wconf 87' lang='lat'><strong><em>34.</em></strong></span> <span class='ocrx_word' id='word_1_334' title='bbox 733 3270 881 3347; x_wconf 87' lang='lat'>168,</span> <span class='ocrx_word' id='word_1_335' title='bbox 915 3270 1015 3334; x_wconf 90' lang='grc'><strong>28.</strong></span> <span class='ocrx_word' id='word_1_336' title='bbox 1088 3271 1152 3332; x_wconf 84' lang='grc' dir='ltr'><strong>τό</strong></span> <span class='ocrx_word' id='word_1_337' title='bbox 1195 3266 1583 3353; x_wconf 73' lang='grc' dir='ltr'><strong><em>προδεδωκέναι</em></strong></span> <span class='ocrx_word' id='word_1_338' title='bbox 1634 3284 1777 3355; x_wconf 82' lang='grc'><strong>155,</strong></span> <span class='ocrx_word' id='word_1_339' title='bbox 1802 3270 1866 3332; x_wconf 91' lang='grc'><strong>6.</strong></span> <span class='ocrx_word' id='word_1_340' title='bbox 1955 3270 2181 3333; x_wconf 74' lang='grc' dir='ltr'><strong><em>θάνατον</em></strong></span> <span class='ocrx_word' id='word_1_341' title='bbox 2231 3287 2375 3353; x_wconf 83' lang='grc'><strong>159,</strong></span> <span class='ocrx_word' id='word_1_342' title='bbox 2421 3269 2518 3333; x_wconf 84' lang='grc'><strong><em>26.</em></strong></span> <span class='ocrx_word' id='word_1_343' title='bbox 2593 3268 2785 3351; x_wconf 72' lang='grc' dir='ltr'><strong><em>παρά-</em></strong></span> 
     </span>
     <span class='ocr_line' id='line_1_36' title="bbox 591 3352 2784 3442; baseline 0 -26"><span class='ocrx_word' id='word_1_344' title='bbox 591 3380 736 3418; x_wconf 89' lang='grc' dir='ltr'><strong><em>νοιαν</em></strong></span> <span class='ocrx_word' id='word_1_345' title='bbox 773 3356 919 3433; x_wconf 91' lang='grc'><strong>168,</strong></span> <span class='ocrx_word' id='word_1_346' title='bbox 955 3370 1054 3441; x_wconf 83' lang='grc'><strong>25.</strong></span> <span class='ocrx_word' id='word_1_347' title='bbox 1129 3354 1377 3436; x_wconf 80' lang='grc' dir='ltr'><strong><em>ἀδίκημα</em></strong></span> <span class='ocrx_word' id='word_1_348' title='bbox 1409 3353 1721 3442; x_wconf 71' lang='grc' dir='ltr'><strong><em>κεκριμένον</em></strong></span> <span class='ocrx_word' id='word_1_349' title='bbox 1756 3356 1853 3418; x_wconf 66' lang='grc' dir='ltr'><strong><em>καὶ</em></strong></span> <span class='ocrx_word' id='word_1_350' title='bbox 1899 3356 2371 3439; x_wconf 78' lang='grc' dir='ltr'><strong><em>κατεγνωσμένον.</em></strong></span> <span class='ocrx_word' id='word_1_351' title='bbox 2444 3352 2784 3440; x_wconf 77' lang='lat' dir='ltr'>flagitium,</span> 
     </span>
     <span class='ocr_line' id='line_1_37' title="bbox 591 3438 2791 3529; baseline -0.001 -24"><span class='ocrx_word' id='word_1_352' title='bbox 591 3440 670 3505; x_wconf 89' lang='lat' dir='ltr'><strong><em>de</em></strong></span> <span class='ocrx_word' id='word_1_353' title='bbox 697 3464 827 3529; x_wconf 93' lang='lat' dir='ltr'><strong><em>quo</em></strong></span> <span class='ocrx_word' id='word_1_354' title='bbox 855 3440 1190 3528; x_wconf 85' lang='lat' dir='ltr'>quaesitum</span> <span class='ocrx_word' id='word_1_355' title='bbox 1219 3453 1284 3504; x_wconf 90' lang='lat' dir='ltr'><strong><em>et</em></strong></span> <span class='ocrx_word' id='word_1_356' title='bbox 1308 3441 1791 3529; x_wconf 83' lang='lat' dir='ltr'>pronunciatum</span> <span class='ocrx_word' id='word_1_357' title='bbox 1821 3454 1936 3518; x_wconf 83' lang='lat' dir='ltr'>est,</span> <span class='ocrx_word' id='word_1_358' title='bbox 1966 3453 2032 3504; x_wconf 85' lang='lat' dir='ltr'><strong><em>et</em></strong></span> <span class='ocrx_word' id='word_1_359' title='bbox 2058 3463 2189 3504; x_wconf 86' lang='lat' dir='ltr'>esse</span> <span class='ocrx_word' id='word_1_360' title='bbox 2214 3438 2545 3527; x_wconf 85' lang='lat' dir='ltr'>flagitium,</span> <span class='ocrx_word' id='word_1_361' title='bbox 2570 3452 2636 3503; x_wconf 90' lang='lat' dir='ltr'><strong><em>et</em></strong></span> <span class='ocrx_word' id='word_1_362' title='bbox 2664 3462 2791 3527; x_wconf 85' lang='lat' dir='ltr'><strong><em>pu-</em></strong></span> 
     </span>
     <span class='ocr_line' id='line_1_38' title="bbox 589 3526 2791 3614; baseline 0 -24"><span class='ocrx_word' id='word_1_363' title='bbox 589 3526 886 3591; x_wconf 87' lang='lat' dir='ltr'>niendum</span> <span class='ocrx_word' id='word_1_364' title='bbox 919 3550 1074 3606; x_wconf 88' lang='lat' dir='ltr'>esse,</span> <span class='ocrx_word' id='word_1_365' title='bbox 1103 3542 1169 3592; x_wconf 89' lang='lat' dir='ltr'><strong><em>et</em></strong></span> <span class='ocrx_word' id='word_1_366' title='bbox 1243 3550 1326 3592; x_wconf 93' lang='lat' dir='ltr'><strong><em>uo</em></strong></span> <span class='ocrx_word' id='word_1_367' title='bbox 1363 3550 1591 3614; x_wconf 82' lang='lat' dir='ltr'>genere</span> <span class='ocrx_word' id='word_1_368' title='bbox 1625 3549 1831 3614; x_wconf 84' lang='lat' dir='ltr'>poenae</span> <span class='ocrx_word' id='word_1_369' title='bbox 1870 3543 2010 3611; x_wconf 84' lang='lat'>154,</span> <span class='ocrx_word' id='word_1_370' title='bbox 2044 3528 2148 3611; x_wconf 63' lang='lat'><strong><em>26.</em></strong></span> <span class='ocrx_word' id='word_1_371' title='bbox 2234 3526 2677 3609; x_wconf 76' lang='grc' dir='ltr'><strong><em>καταγινώσκειν</em></strong></span> <span class='ocrx_word' id='word_1_372' title='bbox 2722 3540 2791 3590; x_wconf 86' lang='lat' dir='ltr'><strong><em>et</em></strong></span> 
     </span>
     <span class='ocr_line' id='line_1_39' title="bbox 595 3611 2793 3695; baseline 0 -20"><span class='ocrx_word' id='word_1_373' title='bbox 595 3614 1076 3695; x_wconf 79' lang='grc' dir='ltr'><strong><em>καταψηφίζεσθαι</em></strong></span> <span class='ocrx_word' id='word_1_374' title='bbox 1105 3612 1170 3676; x_wconf 92' lang='lat' dir='ltr'><strong><em>di</em></strong></span> <span class='ocrx_word' id='word_1_375' title='bbox 1219 3628 1427 3692; x_wconf 85' lang='lat' dir='ltr'>erunt,</span> <span class='ocrx_word' id='word_1_376' title='bbox 1456 3611 1619 3676; x_wconf 90' lang='lat' dir='ltr'>illud</span> <span class='ocrx_word' id='word_1_377' title='bbox 1658 3627 1754 3677; x_wconf 86' lang='lat' dir='ltr'><strong><em>est</em></strong></span> <span class='ocrx_word' id='word_1_378' title='bbox 1790 3612 2180 3677; x_wconf 82' lang='lat' dir='ltr'>scabinorum</span> <span class='ocrx_word' id='word_1_379' title='bbox 2212 3611 2311 3676; x_wconf 84' lang='lat' dir='ltr'><strong><em>vel</em></strong></span> <span class='ocrx_word' id='word_1_380' title='bbox 2352 3614 2660 3677; x_wconf 87' lang='lat' dir='ltr'>ICtorum</span> <span class='ocrx_word' id='word_1_381' title='bbox 2706 3611 2793 3675; x_wconf 89' lang='lat' dir='ltr'><strong><em>de</em></strong></span> 
     </span>
     <span class='ocr_line' id='line_1_40' title="bbox 593 3697 2794 3797; baseline 0 -35"><span class='ocrx_word' id='word_1_382' title='bbox 593 3698 848 3762; x_wconf 86' lang='lat' dir='ltr'>crimine</span> <span class='ocrx_word' id='word_1_383' title='bbox 889 3699 1455 3785; x_wconf 83' lang='lat' dir='ltr'>pronuntiantium,</span> <span class='ocrx_word' id='word_1_384' title='bbox 1486 3700 1645 3763; x_wconf 85' lang='lat' dir='ltr'>sitne</span> <span class='ocrx_word' id='word_1_385' title='bbox 1672 3722 1817 3763; x_wconf 84' lang='lat' dir='ltr'>vere</span> <span class='ocrx_word' id='word_1_386' title='bbox 1851 3720 1927 3762; x_wconf 81' lang='lat' dir='ltr'><strong><em>an</em></strong></span> <span class='ocrx_word' id='word_1_387' title='bbox 1961 3697 2117 3763; x_wconf 81' lang='lat' dir='ltr'>falso</span> <span class='ocrx_word' id='word_1_388' title='bbox 2144 3698 2519 3775; x_wconf 83' lang='lat' dir='ltr'>incusatum,</span> <span class='ocrx_word' id='word_1_389' title='bbox 2549 3714 2615 3761; x_wconf 87' lang='lat' dir='ltr'><strong><em>et</em></strong></span> <span class='ocrx_word' id='word_1_390' title='bbox 2658 3720 2794 3797; x_wconf 79' lang='lat' dir='ltr'><strong><em>qua</em></strong></span> 
     </span>
     <span class='ocr_line' id='line_1_41' title="bbox 595 3782 2795 3873; baseline -0 -25"><span class='ocrx_word' id='word_1_391' title='bbox 595 3783 675 3849; x_wconf 88' lang='lat' dir='ltr'><strong><em>sit</em></strong></span> <span class='ocrx_word' id='word_1_392' title='bbox 716 3804 906 3871; x_wconf 84' lang='lat' dir='ltr'>poena</span> <span class='ocrx_word' id='word_1_393' title='bbox 946 3784 1597 3858; x_wconf 75' lang='lat' dir='ltr'>animadvertendum3</span> <span class='ocrx_word' id='word_1_394' title='bbox 1665 3784 1785 3849; x_wconf 87' lang='lat' dir='ltr'><strong><em>hoc</em></strong></span> <span class='ocrx_word' id='word_1_395' title='bbox 1818 3784 2073 3873; x_wconf 72' lang='lat' dir='ltr'>judicie,</span> <span class='ocrx_word' id='word_1_396' title='bbox 2118 3783 2575 3849; x_wconf 80' lang='lat' dir='ltr'>exsecutionem</span> <span class='ocrx_word' id='word_1_397' title='bbox 2618 3782 2795 3848; x_wconf 76' lang='lat' dir='ltr'>illius</span> 
     </span>
     <span class='ocr_line' id='line_1_42' title="bbox 596 3867 2797 3957; baseline -0.001 -23"><span class='ocrx_word' id='word_1_398' title='bbox 596 3892 801 3957; x_wconf 86' lang='lat' dir='ltr'>poenae</span> <span class='ocrx_word' id='word_1_399' title='bbox 829 3867 1156 3934; x_wconf 82' lang='lat' dir='ltr'>indicentis</span> <span class='ocrx_word' id='word_1_400' title='bbox 1184 3884 1375 3957; x_wconf 84' lang='lat' dir='ltr'>atque</span> <span class='ocrx_word' id='word_1_401' title='bbox 1407 3870 1757 3935; x_wconf 82' lang='lat' dir='ltr'>mandantis</span> <span class='ocrx_word' id='word_1_402' title='bbox 1791 3892 1933 3957; x_wconf 80' lang='lat'>154,</span> <span class='ocrx_word' id='word_1_403' title='bbox 1958 3878 2161 3956; x_wconf 65' lang='lat'>37:32</span> <span class='ocrx_word' id='word_1_404' title='bbox 2192 3874 2366 3949; x_wconf 73' lang='grc' dir='ltr'><strong><em>βουλὴ</em></strong></span> <span class='ocrx_word' id='word_1_405' title='bbox 2393 3869 2588 3933; x_wconf 74' lang='grc' dir='ltr'><strong><em>τούτου</em></strong></span> <span class='ocrx_word' id='word_1_406' title='bbox 2624 3871 2797 3933; x_wconf 82' lang='grc' dir='ltr'><strong><em>κατέ-</em></strong></span> 
     </span>
     <span class='ocr_line' id='line_1_43' title="bbox 643 3956 2795 4044; baseline 0 -26"><span class='ocrx_word' id='word_1_407' title='bbox 643 3982 779 4020; x_wconf 82' lang='grc' dir='ltr'><strong><em>νωκε</em></strong></span> <span class='ocrx_word' id='word_1_408' title='bbox 807 3956 1106 4020; x_wconf 81' lang='lat' dir='ltr'>adversus</span> <span class='ocrx_word' id='word_1_409' title='bbox 1135 3978 1276 4021; x_wconf 90' lang='lat' dir='ltr'><strong><em>eum</em></strong></span> <span class='ocrx_word' id='word_1_410' title='bbox 1310 3957 1761 4044; x_wconf 81' lang='lat' dir='ltr'>pronuntiavit,</span> <span class='ocrx_word' id='word_1_411' title='bbox 1792 3962 1937 4044; x_wconf 81' lang='grc' dir='ltr'><strong><em>δῶρα</em></strong></span> <span class='ocrx_word' id='word_1_412' title='bbox 1966 3958 2274 4037; x_wconf 78' lang='grc' dir='ltr'><strong><em>λαμβάνειν</em></strong></span> <span class='ocrx_word' id='word_1_413' title='bbox 2304 3958 2424 4019; x_wconf 87' lang='grc' dir='ltr'><strong><em>καθ’</em></strong></span> <span class='ocrx_word' id='word_1_414' title='bbox 2452 3961 2603 4037; x_wconf 79' lang='grc' dir='ltr'><strong><em>ὑμῶν</em></strong></span> <span class='ocrx_word' id='word_1_415' title='bbox 2642 3978 2795 4019; x_wconf 84' lang='lat' dir='ltr'><strong><em>eum</em></strong></span> 
     </span>
     <span class='ocr_line' id='line_1_44' title="bbox 620 4040 2794 4131; baseline 0.001 -26"><span class='ocrx_word' id='word_1_416' title='bbox 620 4040 1032 4129; x_wconf 81' lang='lat' dir='ltr'>argitionibus</span> <span class='ocrx_word' id='word_1_417' title='bbox 1058 4056 1422 4129; x_wconf 83' lang='lat' dir='ltr'>corruptum</span> <span class='ocrx_word' id='word_1_418' title='bbox 1447 4044 1598 4131; x_wconf 82' lang='lat' dir='ltr'>jura</span> <span class='ocrx_word' id='word_1_419' title='bbox 1636 4058 1699 4108; x_wconf 87' lang='lat' dir='ltr'><strong><em>et</em></strong></span> <span class='ocrx_word' id='word_1_420' title='bbox 1738 4042 2157 4108; x_wconf 83' lang='lat' dir='ltr'>emolumenta</span> <span class='ocrx_word' id='word_1_421' title='bbox 2182 4057 2389 4107; x_wconf 80' lang='lat' dir='ltr'>vestra</span> <span class='ocrx_word' id='word_1_422' title='bbox 2417 4040 2794 4119; x_wconf 75' lang='lat' dir='ltr'>vendidisse,</span> 
     </span>
     <span class='ocr_line' id='line_1_45' title="bbox 595 4126 2183 4215; baseline 0 -24"><span class='ocrx_word' id='word_1_423' title='bbox 595 4126 943 4215; x_wconf 79' lang='lat' dir='ltr'>prodidisse</span> <span class='ocrx_word' id='word_1_424' title='bbox 971 4128 1054 4192; x_wconf 91' lang='lat' dir='ltr'><strong><em>D.</em></strong></span> <span class='ocrx_word' id='word_1_425' title='bbox 1095 4143 1237 4212; x_wconf 87' lang='lat'>107,</span> <span class='ocrx_word' id='word_1_426' title='bbox 1267 4149 1376 4215; x_wconf 83' lang='lat'><strong><em>34.</em></strong></span> <span class='ocrx_word' id='word_1_427' title='bbox 1465 4136 1661 4193; x_wconf 75' lang='grc' dir='ltr'><strong><em>ἑαυτοῦ</em></strong></span> <span class='ocrx_word' id='word_1_428' title='bbox 1691 4130 1916 4192; x_wconf 72' lang='grc' dir='ltr'><strong><em>θάνατον</em></strong></span> <span class='ocrx_word' id='word_1_429' title='bbox 1946 4148 2089 4207; x_wconf 91' lang='grc'><strong>111,</strong></span> <span class='ocrx_word' id='word_1_430' title='bbox 2117 4142 2183 4213; x_wconf 87' lang='grc'><strong><em>5.</em></strong></span> 
     </span>
     <span class='ocr_line' id='line_1_46' title="bbox 685 4213 2799 4299; baseline -0.001 -22"><span class='ocrx_word' id='word_1_431' title='bbox 685 4214 1061 4299; x_wconf 81' lang='grc' dir='ltr'><strong><em>καταγνῦναι]</em></strong></span> <span class='ocrx_word' id='word_1_432' title='bbox 1095 4218 1192 4293; x_wconf 80' lang='grc' dir='ltr'><strong><em>τὴν</em></strong></span> <span class='ocrx_word' id='word_1_433' title='bbox 1221 4218 1372 4278; x_wconf 85' lang='grc' dir='ltr'><strong><em>κλεῖν</em></strong></span> <span class='ocrx_word' id='word_1_434' title='bbox 1400 4214 1729 4299; x_wconf 73' lang='grc' dir='ltr'><strong><em>κατεαγότα</em></strong></span> <span class='ocrx_word' id='word_1_435' title='bbox 1760 4230 1907 4297; x_wconf 87' lang='grc'><strong>247,</strong></span> <span class='ocrx_word' id='word_1_436' title='bbox 1943 4235 1973 4279; x_wconf 93' lang='grc'><strong><em>1</em></strong></span> <span class='ocrx_word' id='word_1_437' title='bbox 1987 4234 2045 4277; x_wconf 94' lang='grc'><strong><em>1.</em></strong></span> <span class='ocrx_word' id='word_1_438' title='bbox 2119 4213 2457 4299; x_wconf 64' lang='grc' dir='ltr'><strong><em>κατεαγέναι</em></strong></span> <span class='ocrx_word' id='word_1_439' title='bbox 2495 4216 2591 4291; x_wconf 81' lang='grc' dir='ltr'><strong><em>τὴν</em></strong></span> <span class='ocrx_word' id='word_1_440' title='bbox 2621 4230 2799 4293; x_wconf 79' lang='grc' dir='ltr'><strong><em>κεφα-</em></strong></span> 
     </span>
     <span class='ocr_line' id='line_1_47' title="bbox 599 4298 2798 4389; baseline 0 -28"><span class='ocrx_word' id='word_1_441' title='bbox 599 4302 720 4379; x_wconf 77' lang='grc' dir='ltr'><strong><em>λὴν,</em></strong></span> <span class='ocrx_word' id='word_1_442' title='bbox 751 4299 782 4376; x_wconf 71' lang='grc' dir='ltr'>ἢ</span> <span class='ocrx_word' id='word_1_443' title='bbox 813 4298 986 4384; x_wconf 67' lang='grc' dir='ltr'><strong><em>ἐ’τερόν</em></strong></span> <span class='ocrx_word' id='word_1_444' title='bbox 1012 4328 1066 4365; x_wconf 91' lang='grc' dir='ltr'><strong><em>τι</em></strong></span> <span class='ocrx_word' id='word_1_445' title='bbox 1105 4301 1292 4377; x_wconf 91' lang='grc'><strong>1268,</strong></span> <span class='ocrx_word' id='word_1_446' title='bbox 1329 4301 1771 4389; x_wconf 64' lang='grc' dir='ltr'><strong><em>3.εκατεάγην</em></strong></span> <span class='ocrx_word' id='word_1_447' title='bbox 1809 4306 1904 4379; x_wconf 84' lang='grc' dir='ltr'><strong><em>τὴν</em></strong></span> <span class='ocrx_word' id='word_1_448' title='bbox 1941 4304 2187 4379; x_wconf 72' lang='grc' dir='ltr'><strong><em>κεφαλὴν</em></strong></span> <span class='ocrx_word' id='word_1_449' title='bbox 2214 4301 2350 4364; x_wconf 87' lang='lat' dir='ltr'><strong><em>An.</em></strong></span> <span class='ocrx_word' id='word_1_450' title='bbox 2386 4320 2448 4384; x_wconf 91' lang='lat'><strong><em>9,</em></strong></span> <span class='ocrx_word' id='word_1_451' title='bbox 2480 4301 2798 4375; x_wconf 71' lang='grc' dir='ltr'><strong><em>7.--τούδεὶς</em></strong></span> 
     </span>
     <span class='ocr_line' id='line_1_48' title="bbox 602 4386 2793 4475; baseline 0.002 -30"><span class='ocrx_word' id='word_1_452' title='bbox 602 4386 856 4468; x_wconf 77' lang='grc' dir='ltr'><strong><em>κατεάγη</em></strong></span> <span class='ocrx_word' id='word_1_453' title='bbox 886 4390 982 4464; x_wconf 76' lang='grc' dir='ltr'><strong><em>τὴν</em></strong></span> <span class='ocrx_word' id='word_1_454' title='bbox 1011 4391 1253 4467; x_wconf 72' lang='grc' dir='ltr'><strong><em>κεφαλὴν</em></strong></span> <span class='ocrx_word' id='word_1_455' title='bbox 1284 4388 1363 4452; x_wconf 94' lang='lat' dir='ltr'><strong><em>L.</em></strong></span> <span class='ocrx_word' id='word_1_456' title='bbox 1399 4405 1505 4472; x_wconf 91' lang='lat'><strong><em>97,</em></strong></span> <span class='ocrx_word' id='word_1_457' title='bbox 1535 4406 1644 4474; x_wconf 83' lang='lat'><strong><em>33.</em></strong></span> <span class='ocrx_word' id='word_1_458' title='bbox 1722 4387 2071 4475; x_wconf 71' lang='grc' dir='ltr'><strong><em>*κατεαγεὶς</em></strong></span> <span class='ocrx_word' id='word_1_459' title='bbox 2114 4390 2209 4466; x_wconf 71' lang='grc' dir='ltr'><strong><em>τὴν</em></strong></span> <span class='ocrx_word' id='word_1_460' title='bbox 2253 4389 2497 4469; x_wconf 79' lang='grc' dir='ltr'><strong><em>κεφαλὴν</em></strong></span> <span class='ocrx_word' id='word_1_461' title='bbox 2542 4404 2653 4471; x_wconf 90' lang='grc'><strong><em>99,</em></strong></span> <span class='ocrx_word' id='word_1_462' title='bbox 2682 4406 2793 4467; x_wconf 88' lang='grc'><strong><em>44.</em></strong></span> 
     </span>
     <span class='ocr_line' id='line_1_49' title="bbox 599 4472 1247 4559; baseline 0.003 -24"><span class='ocrx_word' id='word_1_463' title='bbox 599 4472 971 4551; x_wconf 77' lang='grc' dir='ltr'><strong><em>κατεάξαντες</em></strong></span> <span class='ocrx_word' id='word_1_464' title='bbox 1004 4492 1149 4552; x_wconf 85' lang='grc'><strong>100,</strong></span> <span class='ocrx_word' id='word_1_465' title='bbox 1181 4494 1247 4559; x_wconf 84' lang='grc'><strong><em>5.</em></strong></span> 
     </span>
    </p>
   </div>
   <div class='ocr_carea' id='block_1_3' title="bbox 2935 2146 2975 4523">
    <p class='ocr_par' dir='ltr' id='par_1_3' title="bbox 2935 2146 2975 4523">
     <span class='ocr_line' id='line_1_50' title="bbox 2935 2146 2975 4523; baseline 0 0"><span class='ocrx_word' id='word_1_466' title='bbox 2935 2146 2975 4523; x_wconf 95' lang='lat' dir='ltr'><strong><em> </em></strong></span> 
     </span>
    </p>
   </div>
  </div>
 </body>
</html>
