2975 4967
35 4573 39 4676 Ι

1001 273 1650 340 GRAECITATls.
2286 297 2410 364 541

194 445 519 528 βουτόδαις
557 446 791 532 μετέχει
829 455 937 510 τῶν
970 449 1155 510 αὐτῶν
1180 450 1385 530 βωμῶν
1416 448 1525 512 AE.
1553 462 1664 530 47,
1693 467 1798 534 39.
1885 447 2133 524 παιδείας
2161 451 2413 533 οὐδεμιᾶς

194 531 589 618 μετεσχηκὸς
616 548 724 616 70,
765 535 1105 618 11.--·παροὶ
1131 533 1404 618 τίτταρας
1432 534 1644 616 ψῆφους
1680 533 1935 619 μετέσχε
1973 540 2070 612 τῆς
2105 536 2317 610 πόλεως
2357 537 2412 600 l.

196 639 317 700 41,
348 623 460 705 36.
514 618 687 707 quod
720 617 1019 706 suffragia
1045 640 1223 682 reum
1252 619 1452 684 civem
1482 643 1614 684 esse
1641 619 1940 684 aientium
1967 643 2232 686 numero
2259 645 2414 708 qua-

198 718 361 770 tuor
406 705 803 770 solummodo
843 705 1213 769 excederent
1256 728 1588 770 numerum
1636 705 2022 794 negantium,
2065 706 2210 772 ideo
2249 731 2416 773 nunc

196 792 367 856 civis
410 806 533 868 est,
576 815 703 856 non
746 791 1025 870 futurus,
1076 791 1127 855 si
1170 815 1471 857 numerus
1511 791 1570 856 ei
1615 809 1740 856 tam
1785 791 2067 857 minutus
2093 792 2415 859 defuisset.

198 880 485 966 byjbur
512 885 837 944 ποιητοί
863 879 1249 963 μετασχόντες
1277 893 1594 944 consortes
1619 877 1884 965 alicujus
1913 879 2144 964 negotii
2173 881 2416 966 pericu-

198 963 363 1042 live,
396 964 753 1051 cujusmodi
778 981 873 1028 est
904 979 1275 1036 mercatura.
1320 965 1417 1030 vel
1462 964 1768 1030 redemtio
1795 965 2112 1052 vectigalis
2141 969 2272 1032 An.
2312 983 2412 1050 17,

199 1072 405 1138 32.·--.-.
414 1055 649 1136 μετεῖχε
676 1060 783 1114 τῶν
813 1054 993 1114 αὐτῶν
1022 1049 1195 1134 ἔργων
1223 1052 1602 1137 Ἐρατοσθένει
1635 1051 1720 1114 L.
1759 1069 1902 1134 125,
1933 1054 2032 1116 26.
2119 1060 2228 1116 τῶν
2255 1055 2414 1139 Ἀρι-

200 1138 563 1224 στοκρᾶτους
596 1137 741 1214 126,
780 1154 879 1217 14.
965 1137 1225 1222 μετέχειν
1268 1139 1331 1200 τὸ
1374 1137 1536 1222 με’ρος
1580 1144 1686 1201 τῶν
1729 1140 1906 1202 δεινῶν
1947 1136 2132 1226 ὥσπερ
2172 1141 2266 1201 καὶ
2303 1145 2415 1202 τῶν

196 1226 449 1307 ἀγαθῶν
496 1223 641 1306 187,
680 1223 1145 1314 ’15.-ὲ-μετίχειν
1190 1223 1295 1286 τινὶ
1338 1228 1706 1300 πεντηκοστῆς
1750 1224 1875 1311 Ly.
1914 1244 2056 1311 150,
2091 1245 2193 1310 19.
2267 1239 2411 1310 155,

204 1327 315 1376 20.

204 1395 1467 1572 sm'iss‘ssffisslssnrffffissffiffffiffl'
1492 1395 2414 1568 Ἑλὲἷῗὲἷῗῖἶῗφῖῗὲἓῖῗμῖξ

204 1570 354 1632 κατέ
400 1597 431 1646 η
471 1570 548 1632 16
646 1587 683 1634 2
732 1617 747 1632 .

294 1574 615 1742 μεβτὲωςοὲῖ
654 1589 732 1718 ἐι
772 1659 889 1743 γὰρ
931 1654 1093 1719 ὄντων
1136 1661 1245 1718 τῶν
1289 1654 1642 1738 πραγμάτων
1675 1652 1986 1738 μετεώρων,
2019 1654 2114 1718 καὶ
2143 1659 2240 1720 τοῦ
2267 1653 2414 1736 μέλ-

205 1753 405 1816 λοντος
434 1743 637 1818 ἀὸἦλου
664 1743 821 1826 378,
854 1761 955 1828 23.
1044 1744 1353 1827 ἀναγκαῖον
1394 1739 1453 1818 ἦν
1493 1741 1574 1802 ὄπ’
1613 1740 1870 1825 ἀγκύρας
1911 1738 2276 1804 ἀποσαλεύειν
2317 1743 2412 1816 τὴν

206 1825 393 1889 νῦκτα
440 1826 745 1914 μετεῶςους
801 1847 991 1914 1213,
1034 1847 1137 1908 24.
1224 1825 1626 1912 μετεωροτέρας
1675 1832 1766 1902 τῆς
1814 1829 1930 1890 ὁδοῦ
1973 1825 2262 1912 γενομένης
2313 1827 2410 1889 καὶ

206 1912 559 1998 στενωτέρας
598 1927 782 1998 1279,
815 1913 929 1978 ult.

298 2002 579 2078 μετοικεῖν
612 2000 765 2082 632,
800 2000 1073 2084 19.=L.
1111 2001 1251 2078 164,
1282 2016 1467 2083 30.=
1478 2003 1750 2080 μετοικεῖν
1798 2001 1862 2062 ἐκ
1901 2003 1996 2072 τῆς
2038 1995 2296 2082 πατρίδος
2323 1999 2412 2072 ,είς

210 2089 325 2146 τῶν
354 2083 611 2167 γειτόνων
640 2085 771 2170 Ly.
806 2105 951 2170 150,
982 2105 1090 2170 34.
1146 2086 1288 2162 166,
1318 2104 1427 2170 39.

301 2170 587 2251 μποικία.
640 2185 839 2235 status
864 2193 975 2235 seu
1000 2169 1275 2235 conditio
1300 2168 1732 2256 inquilinatu8‚
1753 2171 1864 2257 jus
1897 2170 1964 2234 in
2003 2169 2251 2234 civitate
2279 2191 2416 2232 ver-

216 2254 421 2333 sandi,
450 2255 799 2338 habitandi,
826 2256 1207 2345 negotiandi,
1236 2271 1301 2320 et
1326 2256 1720 2320 fortunarum
1761 2257 1970 2322 sedem
2009 2255 2266 2343 figendi,
2299 2253 2412 2318 ubi

215 2357 407 2406 natus
433 2365 563 2406 non
586 2342 667 2406 sis
694 2344 777 2406 L.
814 2363 957 2428 107,
987 2363 1093 2429 31.

304 2427 583 2509 μετοίκιον
610 2452 829 2494 census
856 2430 941 2495 ab
973 2427 1291 2516 inquilinis
1326 2427 1662 2514 quotannis
1705 2427 2074 2514 pendendus
2115 2448 2232 2514 pro
2267 2423 2414 2510 jure

219 2513 287 2577 in
318 2514 479 2578 urbe
506 2513 827 2579 habitandi
855 2519 1007 2628 496,
1048 2531 1143 2601 15.
1231 2515 1460 2577 ἀτέλεια
1488 2521 1588 2577 τοῦ
1616 2513 1894 2593 μετοικίου
1921 2515 2072 2592 621,
2101 2534 2170 2599 3.
2259 2516 2303 2572 εί
2332 2514 2410 2591 μὴ

220 2599 467 2680 κείμενον
496 2605 635 2688 αὐτῇ
664 2604 726 2665 τὸ
752 2626 1031 2683 μετοικιον
1058 2601 1243 2688 ἔτυχε.
1290 2599 1415 2664 scil.
1460 2600 1634 2709 apud
1675 2599 2132 2686 magistratum,
2164 2596 2416 2662 Poletas

220 2686 311 2750 sic
350 2685 553 2752 dictos
596 2687 743 2770 787,
772 2710 921 2774 pen.
1008 2688 1139 2771 πρὸς
1182 2689 1248 2750 τὸ
1288 2700 1626 2770 πωλητηριον
1673 2693 1770 2748 τοῦ
1814 2685 2092 2767 μετοικίου
2139 2683 2410 2767 ἀπήγαγε

222 2773 375 2856 787,
406 2775 511 2838 26.
600 2778 765 2837 κάκεῖ
804 2772 1077 2856 μετοίκιον
1118 2771 1321 2836 τέθεικε
1362 2773 1512 2855 845,
1549 2789 1650 2837 20.
1737 2775 1800 2835 τὸ
1829 2799 1896 2852 μ.
1928 2770 2180 2843 καταθεὶς
2218 2783 2406 2854 1315,

226 2862 473 2924 22.-...-ἐν
510 2858 753 2945 Ὠρῶπῳ
794 2858 1071 2941 μετοίκιον
1120 2857 1451 2935 κατατιθεὶς,
1506 2857 1590 2920 ἐπὶ
1637 2857 1952 2943 προστάτου
1989 2855 2119 2942 ᾤκει
2151 2856 2234 2920 L.
2267 2855 2414 2935 187,

226 2963 264 3007 2
310 2991 327 3008 ο

264 2965 589 3118 9μέτοικος]
639 3030 917 3113 ἐμβαίνειν
946 3033 1069 3106 τοὺς
1096 3029 1381 3112 μετοίκους
1410 3028 1556 3108 ἔδοξε
1582 3044 1691 3115 50,
1723 3049 1798 3097 21
1815 3076 1830 3092 .
1920 3029 1988 3092 αῖ
2008 3054 2070 3092 τε
2098 3034 2207 3090 τῶν
2231 3024 2416 3109 μετοί.

224 3143 333 3180 κων
360 3117 705 3203 λειτουργίαι
738 3121 835 3181 καὶ
866 3122 926 3180 αί
950 3117 1235 3181 πολιτικαὶ
1263 3119 1415 3197 462,
1450 3135 1551 3201 13.
1639 3116 1700 3180 in
1749 3114 1927 3180 uilini
1955 3127 2192 3178 sextam
2222 3112 2416 3176 bono-

224 3225 363 3267 rum
393 3219 636 3290 partem
668 3203 889 3268 aerario
916 3201 1355 3290 dependebant
1382 3202 1534 3280 612,
1563 3220 1627 3282 4.
1745 3225 1780 3265 e
1807 3199 2254 3286 inquilinorum
2287 3197 2416 3284 epi-

222 3288 419 3369 cle'ris,
448 3313 559 3354 seu
590 3289 937 3377 virginibus
964 3312 1109 3354 cum
1136 3287 1479 3353 hereditate
1508 3286 1734 3352 relictis
1754 3286 2083 3374 judicabat
2115 3283 2418 3349 Polemar-

224 3375 377 3440 chus
412 3391 601 3464 1135,
636 3376 908 3443 21.=L.
946 3378 1089 3456 164,
1122 3395 1227 3460 29.
1278 3376 1422 3450 166,
1452 3393 1561 3458 32.
1622 3375 1744 3446 τοὺς
1774 3372 2056 3454 μετοίκους
2087 3370 2411 3451 ἐτιμήσατε,

226 3461 307 3526 ὅτι
336 3467 399 3526 οὔ
424 3467 583 3526 κατὰ
610 3466 677 3528 τὸ
704 3467 973 3550 προσῆκον
1004 3465 1189 3536 αὐτοῖς
1218 3461 1465 3541 ἒβοῆθουν
1493 3465 1574 3545 τῷ
1606 3459 1756 3544 ὃῆμφ
1791 3459 1934 3542 189,
1969 3475 2072 3540 29.

306 3548 748 3630 μετοιωνίζεσθαι
792 3547 1029 3614 malum
1068 3569 1253 3612 omen
1281 3569 1321 3610 a
1348 3568 1413 3609 se
1440 3543 1521 3608 ad
1549 3544 1742 3609 alium
1777 3555 2056 3608 avertere
2084 3542 2174 3604 D.
2207 3559 2316 3626 94,
2347 3556 2416 3625 5.

230 3653 341 3699 101
494 3681 511 3698 ε

308 3651 607 3830 μίτῒὲσίοε]
660 3728 769 3784 τῶν
808 3719 947 3784 istm
990 3718 1212 3784 δικαίων
1248 3727 1357 3782 τῶν
1396 3722 1449 3781 ἂν
1495 3723 1618 3793 ταῖς
1659 3716 1961 3790 πολιτείαις
1995 3719 2092 3794 τὴν
2119 3710 2419 3793 μετουσίαν

226 3812 397 3884 κοινὴν
429 3808 527 3870 καὶ
558 3833 676 3885 ισην
706 3805 893 3870 ἔθεσαν
919 3812 967 3871 οί
994 3806 1143 3886 νὸμοι
1174 3807 1270 3869 καὶ
1300 3809 1411 3879 τοῖς
1440 3803 1688 3868 ἀσθενέσι
1721 3803 1818 3867 καὶ
1841 3807 1952 3876 τοῖς
1983 3803 2234 3886 ἰσχυροῖς
2270 3817 2414 3882 199,

232 3910 329 3976 15.
417 3896 521 3965 τὰς
548 3898 645 3968 τῆς
674 3892 965 3978 ἰσηγορίας
1001 3894 1097 3956 καὶ
1134 3893 1239 3966 τὰς
1274 3895 1371 3966 τῆς
1410 3890 1712 3977 ἐλευθερίας
1742 3887 2041 3972 μετουσίας
2069 3891 2212 3968 ἡμᾶς
2239 3889 2414 3964 ἀφαι-

226 3980 429 4063 ρεῖσθαι
476 3994 631 4063 555,
672 3995 769 4062 17.
836 3983 939 4053 τοὶς
987 3975 1350 4061 κληρονομίας
1401 3977 1498 4040 καὶ
1547 3981 1645 4055 τὴν
1691 3983 1800 4039 τῶν
1847 3977 2074 4058 ἀγαθῶν
2117 3968 2421 4052 μετουσίαν

224 4068 335 4142 τοῖς
376 4069 565 4139 αὐτοῖς
606 4065 855 4128 ἀπέδωκε
896 4083 1083 4143 1100,
1115 4079 1251 4147 7.=
1261 4064 1534 4144 μετουσία
1576 4063 1767 4144 τάφων
1811 4061 1907 4124 καὶ
1953 4065 2102 4144 ίερῶν
2149 4057 2261 4120 AE.
2306 4055 2418 4134 48,

230 4168 267 4216 2
314 4196 330 4213 ο
2007 4197 2017 4206 .

270 4165 581 4324 7μέτοχος]
616 4238 741 4312 τοὺς
766 4239 867 4319 μὶν
894 4240 1011 4322 γοὶρ
1041 4244 1073 4314 ἦ
1102 4237 1251 4322 τύχη
1280 4261 1367 4298 σοι
1394 4235 1672 4321 μετόχους
1708 4230 1862 4317 [scil.
1891 4239 1997 4295 τῶν
2027 4235 2140 4292 σῶν
2161 4226 2414 4312 ἀγαθῶν]

230 4322 543 4400 κατέστησε
582 4343 769 4403 1411,
797 4323 1191 4410 ψει-μέτοχος
1226 4327 1325 4384 τοῦ
1364 4319 1522 4403 φόνου
1564 4323 1649 4384 Α.
1691 4337 1834 4404 123,
1866 4318 1976 4404 38.
2049 4333 2193 4396 124,
2224 4333 2410 4399 31·=

230 4407 471 4495 μέτοχος
496 4415 595 4486 τῆς
626 4408 811 4486 αίτίας
838 4411 913 4474 L.
954 4429 1100 4496 109,
1132 4409 1237 4489 46.

313 4499 555 4583 μετρεῖν]
605 4503 673 4584 τῇ
716 4497 930 4583 γαστρὶ
968 4503 1287 4583 μετροῦντες
1318 4495 1414 4556 καὶ
1455 4497 1569 4569 τοῖς
1607 4490 1934 4580 αίσχίοτοις
1961 4492 2056 4568 τὴν
2085 4480 2424 4565 εὐδαιμονίαν

1240 4600 1288 4644 N
1318 4601 1361 4642 n
1390 4599 1430 4665 3
