2975 4967
561 282 691 364 446
1516 275 1832 343 INDEX

569 458 691 542 ςοῢν
721 457 817 533 τὴν
841 453 1042 540 χώραν
1070 453 1181 537 69,
1213 450 1639 534 8.·..-..καθιεροῦν
1675 453 1751 513 τοὶ
1788 447 2071 537 χςῆματα
2102 452 2173 533 τῇ
2200 447 2403 533 Ἀθηνᾷ
2432 446 2489 511 I.
2518 462 2631 530 47,
2666 448 2771 512 16.

579 540 957 629 τ-καθιέςωσε
983 545 1050 625 τῇ
1077 541 1282 625 Ἀθηνᾷ
1311 541 1392 611 είς·
1411 535 1744 619 άναθῆματα
1773 534 1857 599 L.
1896 546 2041 619 155,
2076 552 2181 613 24.

655 626 973 710 καθιέρωσις
1003 624 1272 707 στεφάνου
1300 621 1565 709 γίγνεται
1597 622 1709 685 AE.
1744 623 1853 700 60,
1892 641 1992 706 13.

657 714 911 793 καθίζειν.
948 708 1277 799 judicandi
1321 721 1695 797 potestatem
1739 707 1909 772 dare.
1962 704 2032 771 ἄν
2064 732 2129 769 τε
2171 704 2583 786 πεντακοσίους,
2614 706 2684 771 ἄν
2711 734 2775 771 τε

564 797 814 885 χιλίους,
845 796 912 861 ἄν
939 824 1002 861 τε
1031 796 1258 871 ὁπόσους
1286 797 1346 873 δὴ
1375 802 1408 873 ἦ
1435 796 1597 869 πόλις
1627 794 1824 881 καθίσῃ
1853 794 2009 880 585,
2037 808 2244 881 antep.
2318 793 2439 879 περὶ
2465 800 2575 857 τῶν
2604 818 2773 877 νομο·

569 890 754 963 θετῶν,
785 882 907 947 καθ’
936 882 972 947 ὅ
989 909 1047 948 τι
1077 884 1424 947 καθεδοῦνται
1462 884 1614 965 706,
1648 902 1751 969 23.
1838 880 1988 964 708,
2021 899 2079 944 1.
2171 880 2347 944 καθιεῖ
2376 882 2503 960 ἡμῖν
2542 886 2574 958 ἡ
2612 882 2776 957 πόλις

535 971 650 1053 ’ἐφ’
682 973 906 1057 ἑκάστῳ
947 968 1152 1034 τούτων
1189 968 1535 1049 δικαστήριον
1576 982 1726 1054 997,
1760 986 1865 1053 23.
1956 968 2051 1029 ἐὰν
2078 967 2134 1029 δὲ
2173 964 2491 1046 καθίζεσθαι
2536 967 2773 1055 κελοῦσῃ

567 1072 722 1143 532,
756 1054 1158 1138 20..--καθίζει
1187 1056 1275 1118 ἐπὶ
1301 1055 1396 1118 τὸν
1420 1056 1611 1136 βωμὸν
1646 1058 1741 1129 τῆς
1777 1052 1982 1137 μητρὸς
2021 1060 2130 1115 τῶν
2174 1052 2300 1116 θεῶν
2332 1050 2443 1115 AE.
2476 1072 2541 1136 9,
2579 1072 2763 1133 14.==

569 1144 748 1208 ίκέται
797 1146 923 1207 θεῶν
963 1140 1271 1223 καθίζοντες
1309 1142 1396 1205 L.
1442 1161 1547 1226 ap.
1596 1138 1922 1226 Theophr.
1973 1140 2028 1201 ἓν
2068 1142 2186 1225 τοῖς
2220 1138 2342 1225 περὶ
2372 1136 2573 1217 λέξεως
2615 1162 2769 1225 γρα-

568 1232 738 1310 φεῖσι.
827 1227 1142 1310 καθίζουσιν
1171 1229 1258 1291 ἐπὶ
1299 1229 1392 1291 τὸν
1425 1225 1617 1307 βωμδν
1656 1223 2050 1311 Μουνυχιάσιν
2084 1243 2231 1310 132,
2260 1232 2489 1307 4:⁸15
2518 1227 2615 1303 τὴν
2642 1252 2775 1313 προ-

566 1315 746 1402 εδρίαν
774 1322 882 1380 τῶν
912 1313 1221 1400 πρυτάνεων
1251 1312 1498 1376 ὗκάθισεν
1529 1313 1613 1375 D.
1654 1313 1799 1391 106,
1828 1330 1939 1409 34.
2052 1312 2055 1317 ’

485 1426 488 1429 ·
575 1426 582 1433 ·
657 1402 1104 1486 καθιπποτροφεῑν
1132 1399 1420 1464 fortunas
1446 1397 1627 1485 equis
1654 1396 1892 1463 alendis
1918 1397 2247 1462 absumere
2277 1398 2333 1461 1.
2364 1411 2473 1482 55,
2509 1416 2617 1465 22.

655 1486 1032 1575 καθιστάνειν]
1079 1486 1511 1568 κατεστήσαμεν
1547 1483 1831 1550 Φίλιππον
1870 1490 2194 1561 τηλικοῦτον
2227 1504 2255 1547 1
2272 1502 2331 1562 1,
2366 1498 2468 1568 25.
2554 1485 2681 1561 τοὺς
2712 1486 2771 1549 δὲ

567 1574 938 1651 καταστήσας
965 1580 1076 1636 τῶν
1105 1571 1386 1653 βασιλέων
1420 1591 1524 1658 13,
1557 1590 1613 1638 2.
1702 1571 1994 1653 νομοθέτας
2022 1568 2329 1634 καθίστατε
2355 1588 2466 1654 31,
2504 1590 2601 1635 10.
2678 1573 2769 1649 ὑφ’

567 1665 716 1742 ὑμῶν
746 1664 818 1734 εἷς
845 1662 942 1737 τὴν
971 1659 1258 1723 θάλατταν
1298 1658 1721 1733 κατασταθῆναι
1752 1657 1861 1737 80,
1891 1659 1951 1722 6.
2042 1655 2256 1720 induci
2284 1654 2351 1718 in
2384 1655 2574 1721 maris
2602 1657 2773 1722 arbi-

567 1745 758 1810 trium
798 1759 991 1833 atque
1016 1744 1193 1809 velut
1219 1744 1286 1809 in
1316 1743 1703 1833 provinciam
1747 1767 1788 1807 a
1822 1741 2104 1831 legitima
2140 1744 2449 1830 potestate
2490 1742 2766 1809 immitti.

565 1834 868 1897 καθιστᾶσι
897 1836 994 1911 τὴν
1020 1832 1180 1897 πόλιν
1210 1836 1282 1906 εἰς
1309 1832 1405 1901 τὸν
1423 1832 1597 1895 αὑτὸν
1622 1830 1817 1917 τρόπον
1854 1830 1975 1915 [τῆς
1995 1828 2276 1903 πολιτείας
2295 1831 2480 1915 puta]
2518 1848 2629 1913 92,
2660 1832 2767 1895 18.

565 1918 1026 1996 καταστῆσαντες
1055 1923 1131 1993 είς
1158 1922 1254 1997 τὴν
1284 1916 1593 1995 ἐκκλησίαν
1624 1933 1773 2001 271,
1811 1935 1909 1981 10.
1984 1914 2315 1979 καθιστάναι
2344 1915 2537 1979 ἑαυτὸν
2565 1920 2639 1990 εἰς
2668 1916 2769 1980 λό-

563 2030 697 2088 γους
725 2005 844 2090 περὶ
885 2011 994 2069 τῶν
1037 2030 1220 2089 πεπρα
1265 2004 1440 2085 μένων
1467 2017 1625 2091 351,
1664 2003 1763 2067 16.
1849 2002 1973 2067 ἀντὶ
2012 2002 2067 2064 δὲ
2101 2006 2202 2064 τοῦ
2234 2004 2313 2065 τοὶ
2348 2001 2563 2083 πάτρια
2600 2004 2655 2065 ἐν
2681 2008 2767 2089 τῷ

565 2095 685 2175 ίερῷ
717 2090 1129 2167 κατασταθῆναι
1163 2112 1233 2153 ce
1257 2089 1481 2168 ebrari,
1523 2090 1641 2154 rite
1679 2112 1895 2176 perag!
1922 2089 2075 2169 446,
2104 2102 2166 2172 5.
2256 2088 2429 2165 ἐπειδὴ
2460 2089 2516 2149 δὲ
2542 2094 2573 2164 ἦ
2600 2088 2766 2164 πόλις

563 2180 634 2250 εἰς
661 2176 718 2239 ἓν
745 2177 996 2254 συνῆλθε,
1029 2176 1123 2240 καὶ
1153 2180 1229 2240 τὰ
1256 2175 1582 2262 πράγματα
1610 2174 1882 2257 κατέστη.
1928 2171 2012 2239 ad
2032 2172 2307 2261 quietem
2337 2185 2398 2236 et
2422 2172 2765 2281 pristinum

563 2274 796 2326 statum
826 2261 1148 2327 redierunt
1173 2266 1325 2344 460,
1363 2282 1462 2343 14.
1554 2261 2023 2340 καταστήσασθαι
2067 2263 2197 2346 πρὸς
2240 2260 2339 2341 ἐμὲ
2380 2284 2444 2321 το
2488 2266 2762 2346 πρᾶγμα.

559 2346 864 2412 actionem
912 2347 1212 2413 adversus
1260 2370 1363 2413 me
1409 2348 1784 2435 detorquere
1826 2362 1981 2433 543,
2019 2360 2115 2430 15.
2205 2346 2291 2409 ἐπὶ
2342 2344 2531 2430 λόγοις
2580 2373 2765 2430 μιμη-

557 2434 889 2519 χανημὲνοις
923 2437 1018 2499 καὶ
1055 2435 1332 2523 μάρτυσιν
1375 2438 1436 2498 οὐ
1479 2436 1689 2512 τάληθῆ
1734 2436 2031 2521 μαρτυρεῖν
2074 2430 2390 2513 εἰθισμένοις
2419 2433 2481 2495 τὸ
2509 2438 2763 2518 πρᾶγμα

561 2521 932 2599 καταστήσας
963 2521 1111 2600 860,
1147 2540 1246 2587 22.
1338 2520 1656 2599 κατέστησε
1693 2522 1819 2594 τοὺς
1855 2521 2139 2603 ἐγγυητὰς
2172 2516 2318 2602 890,
2359 2537 2455 2582 10.
2530 2524 2765 2603 ’μαρτυ-

557 2611 667 2691 ρεῖν
711 2607 830 2688 ἐμοὶ
875 2606 1250 2682 καθιστάντας
1293 2608 1516 2682 ἑαυτοὺς
1558 2606 1925 2679 ὑποκινδύνους
1973 2623 2165 2690 1032,
2202 2616 2299 2685 17.
2389 2608 2462 2679 εἷς
2508 2604 2571 2666 τὸ
2616 2607 2761 2669 αὐτὸ

561 2692 907 2756 καθιστάνειν
942 2692 1009 2756 in
1052 2706 1284 2758 statum
1328 2692 1601 2780 priorem
1644 2692 1989 2757 restituere.
2079 2688 2451 2754 καθίστασθαι
2481 2694 2553 2764 εἰς
2583 2690 2761 2776 λόγον

565 2796 756 2863 1234,
780 2797 844 2861 5.
931 2779 1062 2865 πρδς
1088 2783 1190 2854 τὰς
1221 2778 1623 2857 καθεστηκυίας
1649 2782 1821 2861 τιμὰς
1848 2784 1945 2843 τοῦ
1974 2776 2133 2841 σίτου
2160 2773 2487 2861 γράμματα
2516 2774 2762 2859 ἔπεμπον

556 2877 751 2949 prout
771 2876 930 2929 esset
951 2886 1206 2952 quoque
1224 2878 1505 2953 tempore
1520 2864 1793 2953 pretium
1813 2884 2202 2929 annonarum
2230 2864 2416 2946 1285,
2434 2882 2459 2925 1
2478 2882 2500 2925 1
2513 2910 2527 2924 .
2560 2866 2763 2949 ἄπαγ-

557 2956 838 3035 γελοῦντα
864 2951 1090 3014 τάνθάδε
1121 2951 1505 3027 καθεστηκότα
1534 2974 1743 3015 rerum
1774 2949 1887 3038 qui
1915 2972 2083 3014 nunc
2120 2960 2281 3013 esset
2318 2962 2516 3013 status
2561 2950 2756 3034 1285,

559 3050 660 3121 25.
736 3038 807 3110 ὥς
836 3036 888 3099 εἴ
909 3062 995 3112 τις
1024 3040 1088 3101 ἐκ
1115 3044 1212 3100 τοῦ
1237 3037 1641 3115 καθεστηκότος
1671 3038 1883 3119 κόσμου
1910 3039 1975 3100 τὸ
2006 3043 2116 3120 φῶς
2146 3036 2385 3114 ἐξέλοιτο
2422 3037 2609 3120 1396,
2648 3054 2757 3120 15.

556 3121 778 3185 ἐναντία
809 3127 876 3207 τῇ
907 3123 1230 3201 καθεστῶση
1259 3122 1517 3209 πολιτείᾳ
1550 3126 1866 3209 δημηγορῶν
1910 3142 2101 3204 1420,
2131 3138 2197 3207 5.
2290 3129 2398 3184 τῶν
2442 3124 2552 3194 τοῖς
2594 3126 2759 3187 καθε-

556 3208 790 3285 στηκόσι
837 3188 1320 3292 συνηγωνισμένων
1364 3231 1572 3273 rerum
1618 3208 2042 3274 constitutioni
2088 3206 2379 3297 praesenti
2428 3208 2612 3288 1464,
2654 3229 2678 3271 1
2692 3208 2754 3272 8.

556 3297 628 3369 εἷς
657 3298 801 3375 ὑμᾶς
830 3294 1128 3373 κατέστην.
1177 3294 1260 3360 ad
1291 3319 1401 3360 vos
1429 3294 1657 3384 prodii,
1688 3318 1895 3362 coram
1926 3294 2103 3361 vobis
2130 3293 2341 3359 adstiti
2378 3312 2564 3379 1030,
2594 3313 2743 3378 3.=

555 3384 626 3454 εἷς
657 3380 932 3459 συνῆθειαν
959 3389 1057 3445 τοῦ
1085 3381 1261 3467 λόγου
1302 3383 1519 3462 ἐποίησε
1561 3390 1911 3460 καταστῆναι
1952 3386 2047 3459 τὴν
2084 3380 2265 3459 πόλιν,
2296 3378 2567 3444 adduxit
2594 3379 2754 3443 civi-

553 3480 746 3531 tatem
776 3467 840 3531 in
871 3468 1386 3534 consuetudinem
1426 3468 1777 3558 usurpandi
1804 3469 1967 3533 hanc
1994 3467 2242 3533 dicendi
2269 3464 2605 3530 formulam
2638 3466 2753 3531 AE.

556 3570 662 3638 23,
691 3569 796 3639 37.
884 3555 949 3618 τὸ
997 3561 1244 3641 πρᾶγμα
1294 3561 1366 3630 εἷς
1391 3556 1692 3642 ’διάπειραν
1744 3556 1839 3619 καὶ
1884 3555 2056 3639 λόγον
2099 3552 2459 3631 κατέστησαν
2504 3554 2607 3630 26,
2644 3572 2750 3618 20.

554 3646 626 3713 εἰς
649 3639 851 3723 χεῖράς
879 3664 1021 3714 τινος
1047 3641 1412 3719 καταστῆσαί
1438 3668 1586 3719 τινα,
1613 3655 1983 3741 praesentem
2013 3640 2285 3727 aliquem
2304 3638 2488 3703 alicui
2512 3638 2751 3717 sistere,

549 3723 868 3802 exhibere,
913 3723 1182 3805 tradere,
1227 3725 1376 3792 dare
1417 3726 1945 3815 conspiciendum,
1987 3750 2131 3791 cum
2176 3727 2230 3814 ej
2238 3750 2313 3790 us
2355 3724 2757 3789 commenda,

551 3810 720 3874 tione
746 3830 856 3897 32,
892 3830 944 3873 1.
1035 3815 1364 3876 καθιστάναι
1406 3819 1478 3887 εἷς
1515 3816 1865 3900 στρατηγίαν
1892 3819 2041 3896 τινὰ,
2072 3812 2311 3878 efficere
2341 3834 2455 3875 sua
2482 3811 2757 3876 auctori-

549 3909 678 3961 tate
725 3910 791 3961 et
833 3898 1391 3978 commendatione,
1422 3915 1498 3965 ut
1540 3900 1764 3989 aliquis
1804 3902 2145 3987 imperator
2186 3912 2590 3985 nuncupetur
2631 3918 2750 3996 33,

552 3982 650 4049 28.
745 3984 1121 4065 ἑβδομήκοντα
1149 3985 1334 4060 πόλεις
1364 3992 1737 4073 συμμαχίδας
1782 3989 2123 4064 κατέστησεν
2163 3991 2236 4061 εἰς
2264 3988 2328 4050 τὸ
2360 3985 2651 4070 συνέδριον,
2682 4007 2753 4048 m

546 4084 922 4134 conventum
967 4069 1319 4158 legatorum
1362 4094 1396 4136 e
1439 4072 1692 4162 populis
1724 4073 1987 4139 Graeciae
2016 4072 2295 4137 Athenis
2334 4090 2444 4158 37,
2483 4090 2579 4136 12.
2668 4074 2753 4151 μὴ

545 4160 906 4236 μνησικακεῖν
937 4156 1145 4244 ἔνορκον
1175 4163 1300 4242 ἡμῖν
1329 4160 1807 4235 καταστησάντων
1834 4177 1944 4245 51,
1963 4179 2074 4241 41.
2164 4163 2514 4234 καταστῆναι
2544 4161 2616 4231 εἷς
2650 4160 2753 4233 τὴν

546 4244 754 4328 ἀρχὴν,
785 4242 1076 4308 accedere
1095 4244 1177 4309 ad
1209 4246 1386 4333 regni
1413 4246 1929 4333 gubernationem
1961 4247 2072 4329 76,
2107 4264 2212 4314 22.
2260 4258 2367 4327 77,
2393 4262 2455 4309 2.
2542 4248 2617 4317 εἷς
2652 4247 2749 4306 αἰ-

543 4328 671 4390 τίαν
702 4330 1051 4415 εὐαγγελίων
1081 4334 1176 4395 καὶ
1209 4332 1397 4407 θυσίας
1429 4337 1526 4411 τὴν
1567 4334 1772 4411 βουλὴν
1816 4330 2129 4410 κατέστησε
2160 4334 2268 4415 76,
2297 4350 2402 4416 23.
2492 4328 2747 4405 κατέστη

545 4414 910 4500 δημοκρατία,
952 4416 1120 4494 coiit,
1169 4417 1400 4483 coaluit
1445 4418 1551 4504 83,
1581 4420 2125 4503 35.-τκατέστημεν
2162 4422 2345 4483 οἰκεῖοι
2379 4417 2439 4481 Ι.
2474 4413 2612 4502 [17,
2642 4417 2746 4504 6.]

541 4501 873 4566 καθιστάναι
923 4506 1207 4592 ἐγγυητὰς
1251 4520 1360 4589 50,
1411 4524 1516 4586 14.
1617 4505 1982 4593 τριηράρχους
2023 4519 2139 4589 54,
2176 4523 2286 4591 32.
2376 4506 2749 4580 καταστῆσαι
