2975 4967
1013 281 1648 350 GRAECITAns.
2306 291 2432 374 765

309 454 626 538 συνθεωρεῖν
651 452 745 518 ire
785 469 932 518 cum
976 451 1192 542 aliquo
1231 453 1312 520 ad
1357 455 1771 543 spectandum
1804 453 1991 525 ludo·
2022 457 2171 538 808,
2194 460 2427 545 3.=L.

229 561 352 608 112
500 587 516 602 .

307 557 572 710 συνῗήςκη]
616 625 722 689 εἰσὶ
765 627 1023 700 συνθῆκαι
1067 626 1247 690 διτταὶ
1292 629 1404 699 τοῖς
1431 626 1689 704 ’Ἕλλησι
1732 629 1862 712 πρὸς
1904 629 2157 706 βασιλέα
2190 611 2335 717 199,
2364 651 2431 714 9.

221 715 484 787 συνθῆκαι
530 713 721 792 φιλίας
763 725 910 795 251,
949 729 1051 775 10.
1123 712 1354 788 συνθήκη
1397 713 1607 785 πόλεως
1652 717 1797 790 κοινὴ
1840 728 2235 800 compactum
2277 730 2429 800 774,

225 817 302 864 21
315 797 769 883 ,εὐπεςβαίνειν
807 801 912 870 τοὶς
949 797 1217 872 συνθήκας
1247 797 1354 860 AE.
1390 814 1494 882 23,
1525 817 1634 882 30.
1726 803 1799 872 εἰς
1827 802 2085 876 συνθήκην
2114 805 2255 883 ἡμᾶς
2286 828 2431 866 κατ·-

223 883 475 948 ἒκλεισεν
502 904 612 970 33,
638 902 748 962 40.
836 885 1141 968 προλαβεῖν
1175 885 1228 944 ἐν
1271 885 1394 955 ταῖς
1435 884 1721 960 συνθήκαις
1763 891 1913 966 ἡμῶν
1956 883 2179 950 ἅπαντα
2212 905 2325 970 52,
2359 902 2426 968 7.

231 970 580 1047 εσυνθήκας
621 969 886 1032 ποιεῖσθαι
931 966 1156 1054 pacisci
1192 969 1309 1056 Ly.
1347 987 1495 1056 150,
1515 987 1622 1049 40.
1660 985 1807 1052 157,
1832 973 2237 1052 7.;συνθή·κην
2276 977 2431 1054 μετὰ

223 1061 320 1119 τοῦ
349 1055 522 1136 δήμου
550 1053 788 1117 τίθεσθαι
819 1054 908 1118 D.
947 1072 1094 1133 101,
1129 1072 1229 1118 12.

309 1141 558 1222 σύνθημα
596 1153 846 1217 tessera,
876 1139 1124 1226 signum
1169 1161 1317 1204 cum
1359 1138 1557 1204 altero
1584 1139 1963 1219 condictum,
1988 1140 2159 1206 unde
2186 1140 2429 1228 aliquid

223 1239 659 1376 cfiignoscatur,
690 1239 803 1290 aut
839 1247 972 1312 quo
1005 1225 1156 1290 dato
1193 1225 1278 1290 ad
1314 1224 1555 1312 aliquid
1590 1225 1971 1312 patrandum
2010 1243 2427 1315 consurgatur

292 1360 307 1376 .
347 1332 376 1376 1
477 1357 497 1390 ,
579 1332 606 1374 1
623 1357 638 1374 .
1860 1363 1869 1372 .

305 1333 576 1482 efflusi]
612 1396 832 1480 πότερον
874 1395 1092 1461 συνέθυε
1135 1398 1232 1460 καὶ
1275 1394 1685 1479 συνευφραίνετο
1718 1401 1831 1472 τοῖς
1870 1401 2099 1471 πολλοῖς
2126 1416 2281 1484 300,
2314 1419 2423 1481 24.

223 1481 462 1548 συνθύειν
487 1491 677 1546 τοῦτον
703 1482 826 1561 μετ’
859 1483 990 1562 ἐμοῦ
1025 1502 1214 1569 1313,
1248 1481 1549 1548 26.=AE.
1582 1485 1690 1560 61,
1720 1501 1777 1548 2.
1810 1498 1919 1566 71,
1943 1486 2157 1567 9.=I.
2182 1499 2289 1568 70,
2319 1505 2425 1571 23.

303 1569 537 1632 συνιδεῖν
580 1566 990 1648 considerare,
1033 1568 1408 1656 expendere,
1453 1568 1538 1633 ad
1586 1567 1865 1632 animum
1916 1591 2229 1650 revocare,
2273 1571 2425 1636 item

221 1654 594 1742 intelligere,
623 1652 972 1740 perspicere
1005 1669 1108 1738 17,
1141 1669 1204 1737 7.
1291 1656 1428 1732 δεινή
1471 1657 1529 1718 δῖ
1574 1658 1669 1718 καὶ
1714 1655 1975 1736 ὃυναμὸνη
2019 1657 2179 1736 φάσιν
2214 1663 2423 1744 μικρῶν

220 1740 452 1806 παιδίων
481 1743 708 1804 συνιδεῖν
743 1754 933 1825 1351,
964 1742 1024 1804 6.

304 1826 548 1892 συνιέναι
577 1827 680 1890 τινὶ
709 1831 783 1901 είς
811 1826 1012 1890 ταύτὸν
1037 1844 1194 1912 593,
1221 1843 1326 1892 21.
1401 1824 1497 1888 δάν
1521 1851 1605 1899 τις
1634 1825 1720 1888 ieri
1762 1824 2074 1890 καταλύσει
2115 1825 2283 1907 δήμου
2324 1851 2425 1892 συ-

221 1910 342 1976 min
369 1915 518 1997 ἁλῷ.
549 1910 820 1976 subaudi
845 1909 1041 1986 ἄλλοις
1071 1927 1220 1996 745,
1267 1909 1535 1996 15.-.-·de
1577 1911 1965 1976 senatoribus
1991 1910 2055 1974 in
2085 1911 2260 1976 curia
2284 1935 2423 1978 coe-

221 1997 490 2064 untibus
511 1998 644 2085 Ly.
683 1999 826 2083 165,
854 1997 1288 2083 32.;-συνιε’ναι
1315 2000 1428 2071 τοῖς
1457 1997 1674 2081 φυγάσι
1704 1999 1795 2062 D.
1836 2015 1979 2075 102,
2016 2013 2114 2083 15.

305 2086 690 2171 συνιεροποιεῖν
720 2083 781 2147 I.
814 2099 850 2166 7
869 2103 923 2162 1,
945 2103 1012 2168 5.

305 2168 617 2243 cmmev'g.
665 2175 713 2232 oi
741 2172 1018 2243 συνιππεῖς
1043 2168 1198 2256 558,
1227 2187 1332 2254 13.

305 2254 599 2338 συνίσημι]
631 2253 922 2319 συνίσασιν
951 2257 1158 2328 ἑαυτοῖς
1189 2251 1517 2318 ὃουλεῦσασι
1550 2268 1700 2340 739,
1738 2275 1835 2338 19.

305 2339 652 2406 συνιστάνειν
673 2356 738 2404 et
755 2339 1119 2404 συνίστασθαι
1168 2343 1232 2421 a)
1259 2351 1565 2420 constare,
1584 2363 1813 2426 corpus
1838 2361 2061 2418 unum,
2082 2338 2421 2426 integrum,

217 2427 598 2516 perfectum,
627 2448 838 2490 secum
880 2424 1268 2490 consentiens
1307 2447 1440 2488 esse
1481 2439 1548 2489 et
1588 2447 1971 2512 permanere.
2038 2423 2169 2488 ὅταν
2211 2427 2297 2488 ὑπ’
2339 2429 2425 2489 εὐ-

217 2513 370 2588 νοίας
396 2517 478 2576 τοὶ
505 2512 826 2598 πράγματα
855 2517 1028 2596 συστῇ
1065 2529 1168 2589 20,
1203 2529 1308 2578 22.
1393 2509 1492 2586 ἕως
1522 2511 1601 2574 ἔτι
1630 2511 1959 2576 συνίσταται
1994 2514 2071 2572 τοὶ
2098 2511 2421 2597 πράγματα

219 2619 329 2682 74,
359 2612 427 2684 5.
513 2596 664 2680 μένει
694 2601 768 2661 τὰ
797 2597 1144 2660 συσταθέντα
1175 2595 1416 2676 βεβαίως
1456 2596 1802 2677 conciliata,
1832 2596 2027 2673 unita,
2066 2595 2131 2660 in
2170 2619 2423 2662 concor-

217 2684 395 2752 diam
437 2682 770 2770 coagulata
810 2701 956 2766 154,
983 2703 1044 2766 9.
1133 2682 1356 2762 δύναμις
1398 2686 1764 2760 συνεστηκυῖα
1806 2680 2003 2769 copiae
2044 2696 2417 2762 constante&

217 2769 446 2836 militia
487 2781 814 2856 perpetua,
855 2791 1002 2854 quae
1043 2789 1168 2834 non
1213 2766 1595 2847 dissolvitur,
1638 2791 1765 2833 non
1808 2766 2146 2834 dimittitur
2173 2786 2281 2850 92,
2314 2787 2421 2854 23.

217 2856 557 2942 στράτευμα
585 2855 912 2932 συνεστηκὸς
941 2875 1051 2941 93,
1083 2855 1200 2920 ult.
1261 2863 1370 2918 τῶν
1397 2854 1595 2918 ὂθάδσνν
1626 2856 1721 2918 καὶ
1750 2854 2159 2930 συνεστηκότων
2187 2854 2422 2938 ῥητόρων

215 2943 704 3025 ἀπαλλαγήσεσθε
749 2943 902 3024 605,
939 2961 1004 3025 3.
1094 2935 1202 3006 tibi
1253 2954 1403 3006 sunt
1451 2955 1749 3018 oratoreS,
1798 2954 1913 3006 aut
1956 2940 2267 3027 perpetui,
2320 2939 2423 3008 the

203 3036 596 3115 permanent
621 3037 893 3106 oratore,
921 3027 1058 3092 who
1086 3048 1244 3092 were
1279 3035 1391 3090 not
1427 3027 1793 3106 disbanded,
1821 3040 1936 3092 aut
1974 3025 2136 3092 inter
2176 3049 2242 3090 se
2276 3048 2423 3090 con·-

217 3099 442 3201 spirati
499 3125 564 3178 et
617 3112 1021 3179 colludentes.
1115 3111 1184 3195 b)
1233 3111 1525 3189 conflare,
1583 3113 1967 3189 contrahere,
2022 3111 2417 3190 consciscere,

217 3200 370 3265 inde
397 3205 663 3276 συστῆναι
685 3197 871 3278 coire,
893 3197 1258 3275 coalescere,
1276 3197 1433 3274 fieri,
1455 3198 1769 3278 exsistere,
1790 3197 2063 3264 conflari.
2107 3205 2203 3260 τοῦ
2229 3201 2424 3264 Φωκι-

217 3293 320 3350 κοῦ
361 3284 672 3358 συστάντος
712 3285 958 3368 πολέμου
989 3304 1137 3370 230,
1171 3300 1275 3364 27.
1363 3283 1704 3360 συνέστησαν
1745 3286 1824 3362 ἐφ’
1865 3287 2009 3363 ἡμᾶς
2050 3284 2143 3344 τὸν
2180 3281 2421 3363 πόλεμον

223 3393 302 3456 19
315 3393 376 3450 1,
429 3390 528 3455 13.
615 3372 1006 3452 συνιστάμενον
1065 3369 1318 3456 [sensim
1361 3389 1743 3456 consurgens
1786 3383 1853 3433 et
1901 3367 2267 3450 coalescens]
2322 3369 2419 3432 καὶ

217 3457 484 3539 φυόμενον
527 3457 702 3518 κακὸν
749 3471 893 3541 245,
943 3474 1047 3537 24.
1134 3458 1198 3541 c)
1238 3453 1623 3532 συνίστασθαι,
1670 3453 1998 3518 συνεστάναι
2042 3452 2417 3538 conspirare,

216 3541 300 3606 de
343 3540 616 3606 factione
659 3543 1097 3606 sceleratorum
1140 3541 1205 3605 in
1251 3540 1585 3626 perniciem
1628 3540 1971 3627 proborum
2000 3560 2328 3626 congressa
2354 3553 2421 3602 et

215 3628 574 3715 conjurata.
621 3629 962 3714 ἐργαστήρια
992 3629 1284 3712 μοχθηρῶν
1305 3626 1591 3711 ἀνθρώπων
1621 3631 1673 3688 ἐν
1704 3630 1782 3711 τῷ
1809 3628 2064 3708 Πειραιεῖ
2086 3622 2419 3701 συνεστηκό-

212 3739 328 3778 των
361 3714 513 3797 885,
552 3731 610 3776 1.
701 3713 1032 3776 συνίσταται
1073 3718 1226 3794 μετὰ
1265 3719 1362 3776 τοῦ
1406 3712 1715 3792 Λάμπιδος.
1776 3711 1851 3774 he
1892 3719 2026 3775 acts
2067 3713 2141 3776 in
2176 3719 2421 3775 cmwort

207 3800 374 3866 with
395 3799 662 3885 Lampis
684 3815 836 3886 917,
867 3818 967 3884 13.
987 3813 1064 3881 97
1075 3799 1136 3878 8,
1159 3800 1220 3861 6.
1245 3799 1392 3881 980,
1423 3818 1521 3882 19.
1566 3799 1953 3880 συνιστάμενος
1985 3798 2068 3860 ἐπὶ
2096 3800 2221 3872 ταῖς
2240 3795 2420 3872 δίκαις

213 3886 577 3974 adjungens
617 3899 682 3948 te
723 3884 1121 3962 factionibus,
1160 3882 1364 3971 globis
1405 3883 1857 3971 improborum,
1897 3895 2007 3947 aut
2050 3881 2420 3948 contrahens

212 3972 301 4036 ad
323 3986 413 4047 te,
431 3969 848 4049 conscribenS,
865 3969 1185 4047 factiones,
1207 3969 1273 4032 in
1295 3969 1497 4034 causis
1516 3970 1866 4034 forensibus
1890 3990 1915 4034 1
1934 3971 2078 4055 136,
2094 3971 2198 4036 26.
2227 3990 2254 4032 1
2271 3985 2415 4053 137,

221 4077 280 4122 1.
375 4055 471 4119 ἐάν
497 4081 582 4129 τις
624 4055 868 4142 ἑταιρίαν
895 4059 1120 4142 συνίστη
1161 4057 1246 4118 ἐπὶ
1291 4055 1601 4119 καταλύσει
1646 4064 1741 4119 τοῦ
1785 4057 1949 4136 δήμου
2004 4075 2071 4118 11
2128 4073 2187 4136 7,
2218 4074 2279 4133 4.
2368 4052 2423 4117 οι’

209 4151 558 4216 συνεστῶτες
587 4141 764 4226 τούτῳ
791 4143 1231 4220 ἀναπηδήσαντες
1268 4139 1593 4221 ἐψηφίζοντο
1639 4159 1827 4226 1302,
1860 4159 1966 4222 25.
2098 4142 2129 4223 )
2159 4137 2415 4204 hortari.

211 4227 530 4304 συνέστησε
573 4229 665 4291 τῖιν
705 4228 1036 4314 Λεωκράτην
1074 4227 1444 4292 Leocratem
1485 4224 1773 4290 hortatus
1798 4225 2013 4300 fuerit,
2044 4237 2119 4288 ut
2146 4224 2306 4290 illud
2331 4247 2420 4290 ωε

207 4313 376 4378 mihi
405 4313 692 4378 debitum
721 4311 870 4376 olim
898 4311 1239 4411 aliquando
1265 4309 1535 4375 dilueret
1568 4329 1755 4394 1029,
1788 4313 1893 4376 26.
1978 4310 2276 4385 ἀκούοντας
2320 4335 2421 4375 συ·-

207 4399 532 4478 στῆσαντος
559 4400 848 4464 ἀποδοῦναι
875 4399 1200 4466 audientes
1225 4419 1306 4462 ex
1331 4419 1428 4475 eo,
1456 4418 1603 4462 cum
1627 4395 1984 4462 hortaretur
2010 4419 2137 4476 eos,
2169 4413 2245 4462 ut
2270 4419 2417 4485 ope-

195 4507 360 4562 ‚ram
411 4484 662 4568 darent,
707 4495 783 4552 ut
823 4483 947 4554 hoc
991 4509 1080 4552 ωε
1124 4482 1278 4552 mihi
1327 4481 1613 4562 debitum
1664 4481 2031 4550 redderetur
2078 4503 2267 4569 1032,
2314 4497 2415 4567 27.

1233 4589 1416 4656 31²3
