2975 4967
551 231 677 311 804
1499 228 1814 295 INDEX

518 482 522 486 ι
550 402 654 489 σίᾳ
681 404 928 488 μάστιγι
956 402 1253 467 τύπτεσθαι
1278 402 1616 479 πεντῆκοντα
1644 404 1873 486 πληγὰς
1907 418 2010 484 19,
2040 398 2460 485 30.ετύπτειν
2485 402 2592 471 τὰς
2611 414 2758 479 πλη·

552 493 687 575 γὰς,
718 494 781 569 ἒξ
806 487 877 555 ὦν
904 489 1159 553 ἀπέθανε.
1232 486 1580 575 ingessisse,
1607 486 1904 551 inflixisse
1933 488 2018 551 A.
2052 503 2198 569 127,
2235 504 2336 571 13.

638 579 909 662 τυραννεῖν
938 596 1083 639 cum
1114 574 1520 639 AccusatiVO.
1591 572 1834 660 ἄρχουσι
1867 573 1962 637 καί
1991 578 2311 659 τυραννοῦσι
2339 572 2464 647 τοὺς
2491 571 2620 636 τότε
2641 571 2760 636 σῶ-

557 664 747 740 ζοντας
776 661 973 736 αὐτοὺς
1010 678 1153 743 127,
1192 680 1249 723 1.

638 746 967 833 τυραννίζειν
996 745 1249 811 studere
1276 743 1582 831 tyrannia,
1609 766 1714 809 eos
1743 742 1906 807 tueri
1933 756 2000 808 et
2025 742 2242 807 fovere
2271 761 2419 828 213,
2457 756 2560 827 15.

639 835 929 920 τυραννικὴ
962 831 1110 895 οἰκία
1141 850 1245 911 22,
1276 834 1334 895 8.

638 918 917 1004 τυραννὶς]
950 914 1089 992 ὅλως
1118 916 1375 995 ἄπιστον,
1404 916 1582 997 οἶμαι,
1611 919 1737 990 ταῖς
1763 912 2068 989 πολιτείαις
2093 914 2338 1000 τυραννὶς
2365 932 2470 993 10,
2493 932 2598 981 20.
2645 917 2760 987 τοῖς

554 1007 657 1089 μὶν
684 1003 867 1088 ὥσπερ
890 1008 955 1067 ἐκ
983 1002 1286 1087 τυραννίδος
1316 1008 1465 1083 ὑμῶν
1486 1000 1798 1065 ἐπιτάττειν
1825 999 2162 1064 ἀποδώσετε.
2251 998 2430 1064 alteri
2457 998 2622 1086 parti
2649 1022 2760 1063 ve-

554 1106 755 1157 strum
786 1089 906 1153 hoc
934 1089 985 1153 si
1013 1088 1419 1175 deputabitiS,
1448 1101 1525 1151 ut
1550 1087 1856 1173 imperent
1895 1097 1961 1150 et
1997 1085 2422 1165 dominentur,
2453 1100 2761 1171 tanquam

556 1176 807 1265 tyranni
836 1198 871 1239 e
902 1174 1183 1262 tyrannis
1208 1172 1341 1239 nati
1372 1188 1477 1256 27,
1516 1193 1538 1236 1
1555 1219 1570 1235 .
1621 1172 1914 1260 τυραννίδα
1941 1170 2118 1235 ἔπει-εί
2171 1168 2438 1253 ισενύμῒν
2463 1176 2518 1234 ἐν
2545 1176 2615 1257 τῇ
2641 1174 2764 1235 Εὔ-

554 1264 690 1349 βοίᾳ
726 1281 869 1347 133,
900 1262 1357 1345 22.πτυραννὶς,
1386 1256 1706 1345 ὀλιγαρχία
1743 1273 1809 1323 et
1851 1262 2196 1342 δημοκρατια
2237 1256 2400 1322 inter
2441 1280 2506 1321 se
2547 1256 2764 1321 confe-

556 1364 789 1413 runtur
816 1345 923 1411 AE.
961 1366 1019 1424 1,
1056 1366 1157 1430 19.
1186 1368 1283 1431 sq.
1300 1348 1313 1363 ⁸
1368 1344 1660 1429 τυραννίδα
1685 1349 1865 1427 ἑαυτῷ
1893 1342 2164 1427 ἐξαίρετον
2185 1342 2620 1429 περιποιούμενος
2645 1345 2760 1421 66,

561 1454 667 1503 22.
754 1436 1169 1516 συναγωνιστὴν
1194 1430 1501 1517 τυραννίδος
1531 1430 1804 1506 λῆψεσθαι
1829 1431 1937 1507 66,
1961 1446 2064 1513 23.

644 1519 925 1605 τύραννος]
958 1515 1222 1594 ἀπιστία,
1252 1518 1350 1580 καὶ
1378 1523 1411 1594 ἡ
1439 1516 1557 1597 μεθ’
1587 1512 1769 1578 ὅπλων
1799 1518 2003 1601 φρουροὶ
2031 1513 2198 1595 σώζει
2225 1519 2303 1579 τοὶ
2340 1522 2447 1577 τῶν
2483 1514 2764 1599 τυράννων

560 1608 657 1671 καὶ
698 1614 809 1670 τῶν
852 1607 1199 1688 ὀλιγαρχιῶν
1240 1602 1489 1680 σώματα
1535 1602 1631 1663 καὶ
1671 1598 1952 1664 πολιτείαν
1981 1598 2086 1663 AE.
2125 1618 2184 1675 1,
2217 1618 2318 1667 22.
2393 1592 2764 1699 δημοκῆρυκες

557 1691 883 1768 Φαλαίκου,
916 1695 1013 1753 τοῦ
1044 1688 1287 1751 Φωκέων
1314 1687 1572 1774 τυράννου
1599 1702 1709 1770 45,
1745 1704 1844 1751 20.
1889 1685 2134 1769 τύραννοι
2163 1684 2228 1749 in
2259 1687 2470 1750 Ponto
2496 1706 2760 1772 quinam

560 1782 747 1843 sunt?
793 1778 903 1859 78,
934 1773 1235 1859 17.=qui
1257 1776 1391 1837 An.
1416 1792 1519 1853 14,
1553 1790 1654 1838 22.
1677 1790 1782 1855 23,
1805 1790 1866 1857 3.
1913 1770 2312 1857 appellantur
2331 1777 2380 1835 οἶ
2398 1772 2670 1855 τύραννοι,
2687 1770 2760 1834 hi

558 1878 711 1928 sunt
740 1858 1165 1951 Pisistratidae.
1209 1860 1479 1945 παρέχειν
1505 1858 1630 1931 τοὺς
1655 1859 1758 1941 μὲν
1787 1856 1986 1942 λόγους
2015 1859 2380 1943 δημαγωγοῦ,
2410 1861 2487 1921 τὰ
2526 1858 2584 1921 δὲ
2615 1858 2760 1941 ἔργα

560 1976 627 2013 τυ
660 1950 817 2013 άννου
888 1966 950 2025 2,
1024 1961 1087 2029 7.
2069 1958 2072 1963 ’

626 1967 881 2120 ρτυρειίειῖίε
910 1966 1105 2097 milas
1130 2030 1385 2097 fraudes
1412 2028 1775 2108 machinari,
1803 2050 2048 2093 summa
2071 2028 2213 2093 imis
2239 2028 2514 2093 miseere.
2559 2032 2588 2091 ὁ
2610 2029 2654 2089 δ’
2679 2026 2764 2091 ἔν-

560 2123 649 2183 δον
676 2121 887 2206 ἒτύρευε
912 2121 1065 2204 436,
1093 2137 1155 2203 5.

630 2205 833 2303 πυρὸς]
867 2204 1095 2301 ἐλθόντα
1123 2208 1195 2279 εἰς
1220 2204 1315 2267 τὸν
1339 2202 1568 2289 χλωρὸν
1592 2202 1752 2288 τυςόν
1783 2200 1862 2265 L.
1901 2203 2045 2283 167,
2075 2215 2138 2282 7.
2173 2202 2234 2265 8.
2307 2198 2390 2263 ad
2417 2199 2628 2264 forum
2657 2221 2764 2264 ca-

562 2316 649 2357 sei
676 2302 961 2357 recentia.

646 2379 857 2455 τυτθὸς,
885 2398 1119 2463 parvus
1146 2374 1256 2439 AE.
1287 2394 1393 2455 21,
1430 2395 1531 2460 13.
2121 2404 2140 2429 t

646 2464 871 2548 τυφοῦν]
907 2461 975 2526 οἲν
1002 2464 1057 2525 δὲ
1088 2465 1267 2548 ληρεῖν
1296 2464 1391 2525 καὶ
1419 2462 1766 2540 τετυφῶσθαι
1796 2461 1938 2524 δοκῶ
1973 2481 1998 2523 1
2015 2462 2118 2539 16,
2147 2460 2209 2523 6.
2285 2462 2397 2544 οὐχ
2425 2457 2568 2521 οὕτω
2595 2457 2762 2521 τετύ-

564 2568 753 2633 φωμαι
784 2567 933 2633 229,
969 2569 1026 2612 1.
1114 2548 1250 2613 ἀλλ’
1281 2547 1397 2632 ὅγῶ
1434 2546 1706 2629 μαίνομαι
1751 2548 1848 2610 καί
1882 2546 2200 2628 τετύφωμαι
2229 2563 2382 2629 409,
2417 2563 2518 2607 11.
2606 2542 2758 2622 μὲλ-

563 2650 694 2699 λετε
722 2635 819 2697 καὶ
856 2638 1063 2714 ζητεῖτε
1104 2634 1199 2698 καί
1240 2633 1552 2715 τετύφωσθε
1578 2646 1620 2718 5
1623 2648 1662 2717 5
1672 2652 1732 2711 2,
1769 2632 1866 2696 18.
1963 2634 2214 2695 άπιστεῖν
2257 2630 2354 2693 καὶ
2395 2632 2474 2711 μὴ
2515 2634 2764 2710 τετυφῶ-

565 2722 695 2784 σθαι
726 2721 876 2798 682,
909 2721 968 2783 6.
1059 2719 1401 2802 τετυφῶσθαι
1428 2721 1524 2781 τόν
1553 2726 1740 2782 ταῦτα
1767 2718 2010 2802 λέγοντα
2041 2717 2138 2799 ἔφη
2165 2732 2316 2800 749,
2353 2717 2482 2805 16.·
2539 2723 2655 2788 πῶς
2697 2716 2762 2775 ού

563 2806 872 2884 τετύφωται
908 2807 1095 2890 1483,
1130 2824 1186 2871 2.

650 2890 833 2977 τύχη]
866 2896 960 2966 τῆς
988 2890 1155 2973 ύμετέ
1188 2916 1253 2963 ας
1282 2889 1461 2973 τύχης
1488 2890 1874 2971 ὑπολαμβάνω
1911 2892 2102 2953 πολλοὶ
2135 2894 2246 2951 τῶν
2289 2885 2510 2950 δεόντων
2551 2888 2618 2947 ἐκ
2660 2891 2765 2947 τοῦ

564 2981 921 3062 παραχρῆμα
948 2974 1102 3049 ἐνίοις
1131 2916 1199 3037 Ji
1226 2978 1463 3039 ὄπελθεΐν
1491 2978 1652 3040 εἰπεῖν
1681 2996 1748 3059 9,
1780 2990 1841 3058 7.
1927 2974 2158 3056 μεγάλη
2181 2977 2335 3059 ῥοπὴ,
2359 2975 2582 3047 μᾶλλον
2609 2972 2667 3034 δὲ
2695 2976 2764 3033 τὸ

566 3060 713 3140 ὅλον,
745 3068 775 3138 ἦ
818 3061 971 3147 τύχη
1012 3064 1165 3147 παρὰ
1202 3060 1365 3124 πάντ’
1396 3062 1516 3124 ἐστὶ
1558 3065 1635 3124 τὰ
1670 3068 1782 3125 τῶν
1825 3058 2114 3145 ἀνθρώπων
2153 3058 2475 3143 πράγματα
2517 3075 2624 3136 24,
2661 3076 2690 3119 1
2747 3102 2766 3119 .

573 3150 719 3233 156,
756 3167 856 3212 10.
932 3146 985 3210 εἴ
1004 3172 1089 3221 τις
1118 3145 1327 3233 αἵρεσίν
1356 3172 1449 3227 μοι
1482 3146 1615 3225 δοίη,
1647 3150 1742 3225 τὴν
1779 3152 1874 3223 τῆς
1913 3146 2179 3229 ἡμετέρας
2219 3144 2427 3216 πόλεως
2467 3140 2653 3225 τύχην

566 3236 787 3316 ἑλοίμην
820 3252 924 3314 24,
962 3235 1059 3298 16.
1118 3234 1269 3318 τύχῃ
1300 3234 1486 3317 άγαθῇ
1515 3241 1701 3295 ταῦτα
1731 3237 1948 3296 ποιεῖτε.
1995 3231 2182 3295 facite
2206 3230 2348 3309 hoe,
2376 3250 2478 3293 me
2504 3226 2771 3291 lubente

564 3333 629 3383 et
670 3341 785 3383 eon
864 3318 1166 3396 atulante,
1196 3316 1550 3381 volentibus
1593 3318 1838 3404 magnis
1878 3318 2057 3394 DIS,
2089 3331 2164 3380 ut
2203 3314 2291 3380 ait
2333 3313 2610 3379 EnniuS.
2697 3311 2772 3376 id

565 3404 737 3491 quod
796 3404 1027 3469 eliciter
1060 3403 1234 3469 vobis
1260 3416 1461 3468 vertat
1487 3424 1600 3489 33,
1639 3424 1738 3485 14.
1813 3407 1857 3466 εἰ
1885 3407 1963 3465 τοὶ
1993 3407 2088 3477 τῆς
2125 3402 2304 3487 τύχης
2342 3404 2468 3480 ὑμῖν
2505 3399 2770 3485 ὑπάρχῃ,

566 3494 699 3578 ἠ’πες
726 3492 812 3555 ἀεὶ
842 3492 1087 3570 βέλτιον,
1119 3489 1149 3567 ἢ
1179 3494 1327 3572 ἡμεῖς
1355 3492 1510 3553 αὐτοὶ
1539 3495 1688 3571 ἡμῶν
1717 3487 2120 3569 ἐπιμελούμεθα
2145 3507 2254 3573 43,
2291 3488 2392 3549 16.
2451 3485 2544 3547 τὸν
2575 3486 2776 3567 καιρὸν

563 3585 673 3641 τῶν
700 3578 1074 3661 πραγμάτων,
1105 3574 1215 3653 3νῆ
1242 3574 1393 3661 τύχη
1434 3574 1712 3649 πολλάκις
1749 3578 1862 3646 τοῖς
1899 3578 2174 3655 ἀμελοῦσι
2221 3577 2374 3637 κατὰ
2414 3579 2523 3635 τῶν
2565 3594 2778 3655 προσε-

561 3662 779 3747 χόντων
804 3662 1217 3748 παρασκευάζει
1254 3680 1397 3739 120,
1428 3682 1572 3749 pen.
1647 3661 1742 3739 ἐμὲ
1776 3660 1871 3723 καὶ
1902 3664 1996 3735 τὴν
2026 3661 2156 3742 ἐμὴν
2182 3660 2364 3743 τύχην
2403 3654 2590 3720 αἰτίαν
2631 3652 2776 3719 εἶναι

569 3746 717 3830 298,
751 3766 849 3831 23.
922 3751 982 3810 οὖ
1008 3752 1125 3831 γὰρ
1154 3753 1248 3823 τῆς
1276 3772 1347 3829 γε
1376 3746 1620 3810 ἑκάστου
1649 3748 1864 3831 ψυχῆς,
1896 3745 2011 3809 οὐδὲ
2041 3751 2136 3819 τῆς
2163 3742 2340 3829 τύχης
2368 3750 2478 3805 τῶν
2505 3766 2782 3824 παρατα-

562 3832 812 3911 ξαμένων
843 3831 1019 3919 κύριος
1047 3830 1107 3909 ἦν
1136 3828 1287 3915 308,
1322 3849 1422 3896 21.
1513 3830 1855 3918 disputatio
1884 3829 1964 3895 de
1993 3830 2285 3893 universa
2321 3828 2602 3891 humana
2643 3826 2784 3890 for-

565 3930 742 3994 tuna,
770 3927 835 3980 et
863 3915 945 3979 de
972 3916 1228 4003 propria
1253 3916 1695 3981 Demosthenis
1723 3936 1800 4001 31
1818 3938 1874 3995 1,
1906 3937 1971 4000 9.
2001 3938 2094 4002 sq.
2179 3918 2278 3991 τὴν
2305 3915 2406 3995 μὲν
2433 3918 2528 3989 τῆς
2557 3912 2784 3989 πόλεως

561 4001 742 4087 τύχην
784 4003 997 4086 ἀγαθὴν
1040 4009 1308 4086 ἡγοῦμαι,
1338 4005 1435 4078 τὴν
1462 4001 1648 4082 μέντοι
1680 4010 1786 4066 τῶν
1813 4002 2033 4065 πάντων
2061 3999 2350 4085 ἀνθρώπων
2373 4002 2642 4084 χαλεπὴν
2673 4002 2784 4063 καὶ

564 4090 726 4167 δεινὴν
753 4110 906 4175 311,
943 4108 1046 4157 22.
1119 4092 1217 4165 τὴν
1246 4086 1385 4151 ἰδίαν
1411 4088 1592 4173 τύχην
1619 4093 1716 4166 τὴν
1745 4091 1878 4171 ἐμὴν
1906 4088 2002 4151 καὶ
2039 4091 2136 4165 τὴν
2176 4086 2286 4161 ἆνός
2329 4085 2572 4148 ἑκάστου
2619 4090 2787 4165 ἡμῶν

562 4176 617 4239 ἑν
643 4178 757 4249 τοῖς
802 4175 945 4250 ἰδίοις
992 4174 1264 4255 ἐξετάζειν
1307 4172 1513 4236 δίκαιον
1608 4194 1709 4250 12,
1737 4194 1805 4255 4.
1879 4178 1976 4253 τὴν
2005 4172 2144 4237 ἰδίαν
2167 4171 2350 4259 τύχην
2373 4173 2470 4247 τὴν
2501 4172 2634 4250 ἐμὴν
2679 4178 2786 4249 τῆς

562 4264 736 4335 κοινῆς
776 4266 867 4336 τῆς
904 4262 1111 4335 πόλεως
1158 4252 1488 4346 κυριωτέραν
1533 4286 1556 4320 ε
1582 4259 1672 4323 ναί
1713 4278 1845 4341 φησι
1873 4278 2026 4346 312,
2061 4260 2125 4323 8.
2201 4262 2246 4321 εἰ
2291 4258 2345 4319 δὲ
2389 4252 2644 4336 δαίμονός
2693 4284 2788 4321 τι-

562 4369 643 4419 νος
696 4344 727 4422 ἢ
776 4344 951 4430 τύχης
1008 4344 1570 4431 ἰσχὺς-ἐλυμῄνατο
1621 4350 1734 4420 τοῖς
1783 4344 1926 4421 ὅλοις
1971 4346 2124 4431 326,
2175 4358 2280 4425 27.
2373 4344 2528 4405 κατὰ
2585 4341 2788 4428 τύχην

560 4434 685 4494 τινα
743 4430 839 4495 καὶ
889 4431 1142 4513 δαίμονα,
1199 4439 1357 4495 most
1386 4432 1804 4517 ιῙὸνίίιπιιέεζῃ
1863 4447 2050 4517 1173,
2093 4451 2235 4517 pen.
2312 4426 2606 4513 παραδόξῳ
2677 4432 2784 4495 καὶ
