2975 4967
960 268 1612 336 GRAECITATIS.
2243 265 2364 350 561

162 466 291 514 tua
318 467 447 511 non
474 457 591 522 est,
620 439 799 508 nullo
824 455 1031 531 pacto,
1060 439 1237 508 nullo
1265 437 1451 506 titulo
1470 438 1658 528 juris,
1685 437 1771 504 nd
1799 451 1862 504 te
1889 439 2160 528 pertinet
2181 442 2370 522 1160,

170 539 443 618 Ωιι-τῇ
481 555 545 592 τε
579 527 763 608 πόλει,
805 531 901 594 καὶ
934 534 1047 604 τοῖς
1088 527 1285 610 νόμοις,
1334 529 1429 591 καὶ
1474 531 1619 610 ὑμῖν,
1669 527 1765 591 καὶ
1809 531 2032 613 ἐμαυτῷ
2059 527 2176 592 AE.
2214 547 2274 606 1,
2305 543 2370 612 7.

166 626 437 706 αἰσχρῶς
479 613 778 696 βεβιωκότι
819 619 1069 699 προεῖπον
1112 621 1161 678 οἱ
1204 613 1351 696 νόμοι
1395 617 1474 695 μὴ
1519 615 1840 702 δημηγορεῖν
1875 634 1932 691 1,
1970 632 2071 700 13.
2158 615 2284 688 τοὺς
2319 617 2374 676 ἂν

160 713 385 792 χειρῶν
412 703 559 787 νόμῳ
586 704 692 776 τάς
717 701 1001 775 πολιτείας
1032 700 1419 774 καταλύοντας
1455 721 1514 776 1,
1542 718 1647 781 24.
1722 699 2062 786 ἀναγράφειν
2089 697 2278 782 νόμους
2307 715 2371 778 2,

168 813 233 878 3.
272 793 341 854 8.
430 786 989 872 παρακατατίθεσθαί
1027 813 1131 850 τινι
1174 785 1361 867 νόμους
1404 785 1556 851 ibid.
1647 787 1950 868 ἐφιστάνειν
1987 789 2110 850 τινὰ
2141 785 2374 868 φύλακα

168 887 285 942 τῶν
317 873 489 958 νόμων
518 872 673 938 ibid.
762 873 985 954 διέξειμι
1030 874 1161 958 πρὸς
1196 878 1340 954 ὑμᾶς
1377 872 1502 946 τοὺς
1543 870 1732 954 νόμους
1766 889 1826 951 2,
1855 891 1921 953 4.
2011 871 2196 958 ἔνοχος
2228 871 2374 936 ἔσται

169 967 253 1048 τῷ
285 961 411 1045 περὶ
440 966 534 1036 τῆς
564 967 671 1022 τῶν
701 959 985 1046 ἐλευθέρων
1014 960 1207 1044 φθορᾶς
1236 955 1381 1043 νόμῳ
1413 975 1473 1034 2,
1498 959 1603 1044 36.
1675 965 1910 1038 τιμᾶται
1942 963 1969 1021 ὁ
1999 956 2152 1040 νόμος
2181 959 2278 1022 καὶ
2307 962 2372 1024 τὸ

173 1051 311 1112 θεῖον
353 1067 423 1132 3,
453 1067 517 1130 5.
606 1042 809 1130 ὕβρεως
854 1045 1009 1124 νόμος
1050 1065 1115 1130 3,
1148 1063 1209 1128 9.
1296 1043 1680 1128 προστίθεσθαι
1731 1047 1913 1108 καινὸν
1961 1041 2122 1124 νόμον
2161 1063 2228 1128 5,
2263 1064 2370 1110 20.

172 1131 425 1211 φυλέτας
455 1132 722 1206 καθῆσθαι
750 1131 1077 1209 βοηθοῦντας
1116 1133 1229 1203 τοῖς
1268 1128 1445 1212 νόμοις
1470 1147 1540 1212 5,
1575 1147 1680 1196 22.
1767 1130 2078 1217 γράφεσθαι
2109 1129 2265 1209 νόμον
2292 1133 2372 1212 μὴ

174 1219 473 1296 ἑπιτῆδειον
502 1217 635 1280 εἶναι
664 1231 729 1302 5,
758 1235 863 1300 30.
953 1217 1124 1299 κύριοι
1154 1212 1301 1297 νόμοι
1328 1231 1397 1300 5,
1424 1215 1664 1302 penult.
1751 1216 2060 1303 μισθαρνῶν
2099 1217 2180 1280 δι’
2219 1219 2372 1326 αὑτᾷ

176 1306 383 1384 τούτω,
414 1302 445 1366 δ
470 1301 805 1386 ἀπαγορεύει
836 1306 863 1362 ὁ
892 1299 1048 1380 νόμος
1076 1305 1153 1382 μὴ
1182 1302 1442 1386 πράττειν
1472 1303 1538 1380 6,
1573 1320 1672 1366 22.
1747 1303 2022 1383 ἒπιζῆμιος
2055 1305 2121 1365 ix
2157 1309 2263 1366 τῶν
2291 1328 2376 1366 νο-

177 1387 299 1472 μων
326 1369 397 1471 7,
435 1409 537 1474 13.
626 1391 897 1472 ἐπερωτᾶν
932 1390 997 1450 τὸ
1034 1391 1097 1450 ἔκ
1136 1394 1244 1450 τῶν
1278 1384 1450 1468 νόμιον
1482 1386 1744 1474 κῆρυγμα
1781 1407 1884 1466 11,
1914 1407 2026 1496 33.
2114 1387 2376 1472 πρίασθαι

178 1480 281 1549 τοῖς
308 1480 507 1562 ἀρχᾶς
533 1479 689 1559 παρὰ
714 1475 838 1546 τοὺς
868 1468 1057 1552 νόμους
1092 1479 1116 1536 i
1127 1491 1193 1556 5,
1228 1491 1331 1538 12.
1418 1472 1718 1556 ἐξαλείφειν
1756 1474 1880 1548 τοὺς
1905 1500 2096 1556 νομους
2131 1477 2232 1553 16,
2259 1492 2372 1554 41.

177 1559 653 1648 παρακαταθήκην
702 1566 811 1622 τῶν
860 1556 1033 1639 νόμων
1084 1557 1305 1642 ἔχοντες
1343 1559 1447 1633 26,
1476 1577 1580 1645 33.
1671 1559 1952 1643 ίεροοσύνην
1997 1562 2197 1636 οὐδενὸς
2248 1561 2376 1626 θεῶν

181 1646 558 1734 κληρώσεται,
600 1647 670 1719 ὥς
710 1647 809 1708 οὑκ
846 1643 919 1707 ὢν
962 1647 1027 1708 ἐκ
1066 1653 1175 1708 τῶν
1208 1643 1381 1723 νόμων
1412 1645 1646 1724 καθαρὸς
1675 1645 1738 1706 τὸ
1767 1653 1936 1726 σῶμα
1968 1647 2071 1723 26,
2101 1647 2209 1732 36.
2298 1647 2376 1709 δι-

182 1733 408 1796 δάσκειν
446 1732 571 1805 τοὺς
614 1728 826 1814 νόμους,
856 1729 1101 1808 docere,
1129 1729 1287 1815 quid
1328 1728 1498 1816 leges
1540 1729 1620 1793 de
1661 1729 1914 1795 crimine
1954 1753 2212 1818 quoque
2254 1745 2377 1796 sta.-

184 1831 365 1882 tuant
400 1833 507 1900 27,
536 1832 643 1903 37.
718 1813 863 1902 νόμφ
899 1815 1143 1898 πολέμου
1189 1816 1528 1896 κτησάμενος
1557 1833 1666 1900 32,
1697 1835 1806 1901 34.
1875 1818 2208 1904 προγράψαι
2249 1818 2376 1893 τοὺς

182 1903 473 1988 πρυτάνεις
516 1901 821 1980 ἐκκλησίας
862 1900 953 1966 δύο
997 1907 1147 1966 κατὰ
1190 1903 1312 1975 τοὺς
1354 1900 1544 1984 νόμους
1584 1917 1693 1988 35,
1723 1924 1872 1989 pen.
1951 1903 2374 1967 παιδοποιεῖσθαι

185 1992 337 2052 κατὰ
364 1990 494 2063 τοὺς
522 1988 711 2068 νόμους
735 1989 845 2068 48,
884 2009 984 2053 10.
1068 1986 1439 2069 παραδίδωσιν
1477 1991 1602 2068 ὑμῖν
1640 1991 1704 2052 τὸ
1744 1989 1871 2069 §pau
1910 1996 2100 2070 σῶμα,
2133 1989 2229 2052 καὶ
2260 1987 2376 2074 ὂγὸ

184 2077 277 2137 καὶ
308 2080 337 2137 ὃ
368 2072 564 2156 νόμοςε
616 2073 723 2139 ubi
750 2095 1016 2160 persona
1043 2073 1215 2138 verbi
1246 2073 1635 2137 substantivo
1671 2073 1996 2162 posteriori
2035 2097 2378 2141 accommo-

184 2159 373 2226 datur
400 2174 511 2244 52,
545 2157 658 2224 ult.
732 2162 1035 2244 ὑπερπηδᾶν
1059 2163 1153 2224 τὸν
1180 2157 1337 2240 νόμον
1362 2173 1475 2244 55,
1511 2179 1612 2244 29.
1686 2162 2135 2244 ἀπομνημονεύειν
2161 2163 2255 2224 τόν
2283 2159 2374 2226 νύ-

184 2273 285 2326 μον
311 2247 429 2331 56,
464 2263 525 2330 7.
598 2245 945 2308 ἀντιτάττειν
970 2247 1064 2308 τὸν
1092 2243 1274 2327 νόμον,
1304 2243 1634 2332 cupiditati
1660 2245 2032 2332 cujusquam
2061 2269 2378 2335 opponere

184 2329 385 2417 legem
416 2333 529 2414 56,
561 2331 623 2395 8.
710 2332 919 2416 ῥήμασι
958 2328 1143 2410 νόμους
1182 2334 1417 2416 ἀναιρεῖν
1444 2333 1554 2415 56,
1581 2353 1640 2416 9.
1728 2330 1922 2396 διδόναι
1960 2336 2139 2416 ψῆφον
2177 2336 2257 2397 δεῖ
2293 2339 2378 2419 τῷ

186 2425 277 2479 τοῦ
306 2415 475 2498 νόμου
503 2416 723 2502 δικαίῳ,
764 2421 824 2478 οὑ
868 2423 933 2502 τῇ
971 2421 1069 2479 τοῦ
1109 2417 1325 2502 ῥήτορος
1367 2416 1748 2504 ἀναισχυντίᾳ
1771 2419 1880 2502 56,
1919 2439 2013 2503 13.
2102 2423 2378 2501 καθιεροῦν

188 2507 280 2579 τὴν
311 2502 515 2574 οὐσίαν,
538 2505 636 2566 οὑκ
666 2506 730 2588 ἐᾷ
758 2506 785 2564 ὁ
814 2500 969 2584 νόμος
998 2500 1088 2564 τᾶν
1117 2501 1392 2566 ὑπεύθυνον
1418 2505 1528 2585 56,
1557 2504 1664 2588 38.
1745 2501 2042 2584 ἔμπροσθεν
2067 2513 2176 2568 τῶν
2205 2503 2377 2586 νὸμοον

186 2592 261 2668 μὴ
287 2587 603 2666 πολιτεύου,
632 2589 766 2652 ἀλλ’
797 2585 1019 2673 ὕστερος
1046 2601 1156 2671 57,
1193 2607 1291 2650 11.
1380 2586 1717 2672 ὑπερβαίνειν
1753 2589 1876 2662 τοὺς
1910 2587 2100 2672 νὸμους
2126 2589 2235 2675 58,
2268 2609 2374 2674 30.

189 2673 647 2756 παρατάττεσθαι
677 2677 789 2748 τοῖς
820 2671 995 2753 νόμοις
1022 2675 1131 2756 58,
1163 2693 1273 2758 33.
1356 2675 1621 2760 ἐπιφέρειν
1647 2677 1758 2748 τοῖς
1787 2673 1962 2756 νόμοις
1986 2674 2196 2762 τίχνας
2221 2673 2377 2743 ibid.

192 2761 553 2832 Διονυσιακός
584 2757 762 2839 νόμος,
794 2757 896 2822 lex
936 2758 1016 2822 de
1052 2757 1449 2824 Liberalibus
1484 2759 1594 2844 58,
1625 2762 1732 2845 36.
1817 2760 2050 2846 ἀκύρους
2093 2759 2281 2844 νύμους
2323 2766 2377 2824 ἓν

190 2849 295 2919 τοῖς
325 2843 530 2927 κυρίοις
558 2845 981 2930 ἀναγεγράφθαι
1010 2859 1119 2928 59,
1149 2863 1212 2911 2.
1269 2845 1389 2926 μήθ’
1420 2849 1571 2926 ὑμεῖς
1597 2848 1729 2909 ποτὲ
1757 2850 1828 2920 εἰς
1857 2848 2110 2924 τοιαύτην
2137 2847 2378 2926 ἀταξίαν

190 2938 291 2992 τῶν
320 2929 503 3011 νόμων
529 2929 832 3013 προβαίητε
858 2947 967 3016 59,
996 2945 1062 3016 5.
1160 2929 1506 3012 θεσμοθέταις
1541 2930 1960 3017 προστέτακται
1991 2935 2112 2998 καθ’
2141 2933 2378 2997 ἕκαστον

192 3018 427 3079 ἐνιαυτὸν
458 3016 690 3100 διορθοῦν
716 3017 837 3089 τοὺς
864 3021 916 3079 ἐν
946 3021 1025 3101 τῷ
1056 3014 1295 3099 δημοσίῳ
1326 3014 1514 3096 νόμους
1540 3032 1649 3100 59,
1683 3035 1744 3100 7.
1817 3022 2051 3105 ἀναιρεῖν
2080 3019 2236 3100 νόμον
2262 3033 2374 3104 59,

199 3119 287 3187 13.
360 3099 546 3177 τίθησι
590 3099 747 3182 νόμον
786 3103 931 3164 οὐδὲν
970 3105 1413 3166 ἐπικοινωνοῦντα
1453 3106 1730 3187 τοῦ-59,
1760 3119 1863 3187 37.
1937 3104 2210 3181 στέφανον
2233 3131 2380 3190 χρυ-

190 3193 334 3266 σοῦν,
362 3183 423 3258 ὃς
452 3184 521 3248 ἀν
550 3189 601 3248 ἓν
630 3186 836 3272 θεάτρῳ
876 3191 927 3250 ἐν
964 3185 1125 3250 ἄστει
1166 3189 1453 3273 ἀναρρηθῇ,
1486 3191 1618 3269 ἱερὸν
1653 3191 1884 3266 Ἀθηνᾶς
1930 3191 2063 3254 εῖναι
2112 3191 2320 3254 κελεύει
2349 3195 2376 3254 ὂ

191 3270 341 3354 νόμος
370 3273 485 3347 60,
515 3293 581 3357 9.
664 3274 925 3354 δυσμενὴς
952 3275 1063 3347 τοῖς
1094 3272 1271 3353 νόμοις
1300 3287 1405 3354 77,
1438 3273 1558 3337 ult.
1647 3276 2038 3350 ἀστεφάνωτος
2068 3280 2132 3339 ἔκ
2159 3283 2267 3338 τῶν
2297 3273 2380 3339 νύ-

190 3383 321 3439 pum,
364 3379 565 3444 quem
606 3357 777 3444 leges
817 3357 1161 3423 excludunt
1206 3357 1441 3422 honore
1480 3381 1726 3423 coronae
1769 3373 1876 3443 79,
1903 3379 1965 3444 3.
2053 3361 2380 3448 naganSo‘iv

190 3445 303 3518 τοὺς
332 3441 529 3525 νόμους
562 3444 669 3522 81,
702 3444 807 3508 28.
878 3443 1033 3526 νόμον
1062 3448 1233 3507 αἰτεῖν
1265 3444 1369 3522 82,
1406 3444 1508 3508 18.
1581 3447 1868 3527 διενεγκεῖν
1897 3448 1990 3522 τὴν
2017 3444 2233 3530 πρώτην
2261 3447 2378 3521 ψῆ-

193 3541 287 3602 φον
314 3533 478 3592 κατὰ
503 3529 627 3602 τοὺς
656 3527 843 3612 νόμους
875 3531 979 3608 82,
1007 3547 1111 3594 20.
1166 3529 1704 3616 παραγεγραμμένοι
1732 3527 1880 3611 νόμοι
1911 3531 2018 3609 82,
2046 3547 2146 3612 27.
2189 3557 2378 3618 παρα-

190 3623 463 3696 ναγνῶναι
491 3619 573 3700 τῷ
599 3614 929 3696 ψηφίσματι
960 3617 1083 3689 τοὺς
1110 3613 1299 3698 νόμους
1329 3617 1435 3694 82,
1465 3631 1578 3701 35.
1665 3615 1872 3702 ρἧασι
1915 3618 2039 3692 τοὺς
2078 3614 2267 3698 νόμους
2303 3622 2381 3680 ol-

190 3698 367 3778 ὅμενον
394 3699 712 3782 ἀναιρῆσειν
743 3700 849 3778 82,
878 3721 987 3786 39.
1078 3705 1267 3775 καλεῖς
1310 3703 1395 3764 ἐπὶ
1440 3701 1667 3780 σαυτὸν,
1697 3703 1780 3763 ἐπὶ
1820 3703 1942 3774 τοὺς
1973 3701 2161 3784 νόμους
2189 3706 2381 3778 καλεῖς

192 3783 287 3863 82,
316 3806 432 3866 41.
523 3787 887 3870 παραβαίνειν
926 3787 1049 3860 τοὺς
1094 3784 1485 3868 νόμους,--τδν
1529 3789 1714 3872 καιρὸν
1759 3787 1856 3850 καὶ
1899 3789 1992 3850 τὸν
2035 3786 2196 3852 τύπον
2232 3813 2286 3852 τ.
2319 3816 2376 3852 α.

190 3869 287 3956 83,
323 3891 427 3936 10.
505 3873 638 3956 ἀνὴρ
682 3875 799 3957 γὰρ
844 3873 1053 3949 ἰδιώτης
1097 3874 1151 3934 ὃν
1192 3871 1347 3936 πόλει
1388 3872 1865 3960 δημοκςατουμένῃ
1905 3873 2049 3960 νόμῳ
2089 3877 2182 3938 καὶ
2213 3875 2380 3961 ψῆφφ

59 3991 62 4008 ·
188 3956 477 4028 βασιλεύει
510 3958 617 4038 87,
651 3957 709 4021 8.
782 3957 1113 4038 βεβαιώσεις
1151 3965 1259 4021 τῶν
1299 3958 1598 4041 κτημάτων
1629 3964 1656 4021 ὖ
1685 3959 1841 4040 νόμος
1879 3961 2084 4022 κελεύει
2112 3960 2382 4023 ποιεῖσθαι

192 4043 289 4124 89,
314 4043 415 4106 16.
484 4041 725 4106 Σόλωνα
752 4045 845 4106 τὸν
874 4044 1241 4125 κοσμήσαντα
1268 4047 1363 4122 τὴν
1391 4043 1551 4107 πόλιν
1581 4043 1911 4118 καλλίστοις
1941 4043 2118 4126 νόμοις
2148 4063 2256 4128 90,
2281 4059 2379 4124 17.

198 4134 317 4190 :oi
343 4128 471 4213 περὶ
499 4135 611 4192 τῶν
640 4137 811 4212 γενῶν
838 4128 1009 4211 νόμοι,
1040 4127 1215 4192 locus
1231 4128 1398 4215 juris
1426 4129 1630 4194 Attici
1654 4129 1734 4193 de
1765 4131 1913 4216 jure
1951 4129 2385 4216 consanguini-

193 4225 409 4278 tatum.
442 4217 493 4276 οἶ
521 4214 640 4300 περὶ
678 4221 789 4279 τῶν
826 4215 1044 4292 δόσεων,
1074 4213 1247 4278 locus
1276 4215 1355 4280 de
1374 4216 1522 4301 jure
1565 4215 1948 4302 legationum
1990 4229 2386 4280 testamenta.-

192 4297 419 4362 riarum
453 4299 517 4362 I.
546 4300 661 4378 48,
694 4299 755 4364 8.
841 4304 992 4386 αὑτῷ
1018 4300 1121 4379 μὶν
1148 4303 1241 4364 τὸν
1271 4301 1429 4382 νόμον
1456 4309 1624 4364 ποιῶν
1654 4301 1832 4386 κύριον
1865 4301 1999 4386 [23,
2029 4304 2166 4387 31.]
2247 4301 2386 4366 ἀκυ-

192 4409 273 4464 ρον
298 4389 470 4449 ποιεῖν
497 4386 591 4447 τὸν
622 4383 781 4466 νόμον
824 4385 1176 4460 ibid.=·ro‘t'5
1219 4387 1419 4468 νόμοις,
1464 4385 1553 4463 οὓς
1596 4390 1751 4472 παρὰ
1797 4394 1906 4450 τῶν
1951 4389 2077 4450 θεῶν
2128 4389 2224 4451 καὶ
2274 4393 2384 4450 τῶν

194 4471 464 4557 προγόνων
492 4469 1048 4554 διαδεξάμενοι-Α.
1087 4492 1232 4550 111,
1254 4473 1357 4552 48.
1446 4473 1660 4560 legum
1687 4471 2274 4559 Areopagitica-um
2303 4469 2384 4534 de
