2975 4967
584 273 713 346 552
1186 263 1219 280 ‘
1523 257 1838 326 INDEX

585 431 862 498 litet-ario
882 431 1241 511 constituta,
1261 429 1373 497 ubi
1390 453 1622 520 pueros
1643 432 1932 496 ineuntes
1957 445 2025 494 et
2051 441 2356 496 exeuntes
2375 428 2566 496 thure
2587 429 2804 497 faeere

587 520 958 606 oportebat3
991 532 1069 583 ut
1094 519 1157 584 in
1185 518 1489 606 palaestris
1519 533 1698 584 erant
1715 521 1980 606 Ἑρμιῖα,
2014 519 2338 582 Mercurio
2367 536 2558 583 sacrae
2581 518 2694 582 AE.
2735 539 2800 597 2,

640 626 692 668 I·
1440 621 1447 626 ¹

590 624 629 672 2
674 695 911 774 μουσικὴ
939 691 1243 791 quioquid
1272 693 1423 756 scite
1450 705 1516 756 et
1542 690 1859 778 ingeniose
1897 689 2200 776 scriptum
2239 701 2356 766 est,
2387 688 2516 754 sive
2559 690 2798 771 soluta,

587 777 717 842 sive
748 777 944 866 ligata
969 792 1267 843 cranone.
1325 778 1598 852 ὑποθέσεις
1625 785 1721 853 τῆς
1751 783 1931 840 αὐτῶν
1959 782 2226 857 μουσικῆς
2247 778 2570 854 πεποιῆσθαι
2595 797 2798 863 1391,

594 871 1050 950 19.;-.μουσικὴν
1076 870 1171 942 τὴν
1198 865 1466 950 Σειρῆνων
1495 868 1594 928 οὐκ
1624 867 1919 946 εὐδοκιμεῖν
1951 863 2062 926 AE.
2095 864 2201 940 86,
2239 883 2336 948 19.
2410 868 2678 945 μουσικὴ,
2699 865 2800 928 in-

590 950 835 1015 stitutio
860 951 1091 1016 artium
1120 949 1467 1016 liberalium
1501 949 1609 1034 89,
1641 970 1693 1013 1.

671 1037 952 1123 μοχθηρία
979 1043 1076 1100 τοῦ
1110 1042 1293 1122 ἰατροῦ
1326 1039 1410 1100 Α.
1456 1037 1596 1114 126,
1633 1036 1911 1119 17.=D.
1941 1038 2145 1116 *107,
2177 1050 2284 1117 27.

671 1125 979 1211 μοχθηρὸς]
1011 1125 1271 1208 μοχθηροὶ
1302 1128 1377 1186 τοὶ
1406 1122 1730 1207 πράγματα
1759 1125 1814 1184 ἐν
1837 1127 1918 1206 τῷ
1949 1121 2216 1206 Βοσπόρῳ
2247 1122 2615 1194 καταλαβών.
2693 1123 2793 1188 fo-

584 1231 727 1272 rum
756 1208 1082 1295 frigidum,
1114 1211 1239 1272 bad
1236 1210 1422 1294 fiir,
1452 1209 1578 1272 bad
1606 1209 2024 1292 markensew
2039 1207 2450 1294 parcho-vers,
2477 1209 2644 1273 little
2661 1231 2794 1274 mo-

584 1317 709 1381 ney
736 1317 977 1382 among
1078 1296 1213 1381 ople
1244 1313 1395 1378 909,
1430 1313 1530 1358 21.

670 1383 905 1467 μόχθος]
937 1317 1149 1466 paeoni!
1179 1381 1328 1466 ἔχειν
1356 1380 1500 1464 ἀμφὶ
1531 1381 1736 1457 ξυνοῖσι
1763 1379 2093 1465 πράγμασι,
2121 1403 2240 1466 pro
2267 1378 2592 1466 republica
2615 1379 2792 1445 labo-

586 1488 725 1531 rare
754 1468 866 1531 AE.
899 1470 1003 1544 80,
1044 1469 1143 1530 16.

670 1556 851 1639 μυεῖν]
888 1559 1097 1635 μυῆσαι
1127 1555 1293 1629 αὐτὴν
1324 1552 1584 1632 ἐβούλετο
1620 1565 1807 1637 1351,
1839 1553 2021 1618 26.=
2031 1559 2184 1633 μυῶν
2210 1553 2314 1635 μὲν
2343 1554 2630 1635 *ἀδελφὸν
2653 1554 2786 1616 An.

591 1659 619 1703 Ῑ
732 1659 759 1702 I
818 1685 835 1702 ο

632 1654 1021 1811 7μυθΞλογεῖν]
1054 1730 1135 1809 τῷ
1163 1722 1528 1810 ὕπογυιότεςα
1559 1725 1692 1788 εἶναι
1731 1728 1844 1798 τοῖς
1876 1722 2096 1808 χρόνοις
2139 1721 2286 1787 οὔπω
2327 1723 2788 1809 μεμυθολόγηται

592 1829 781 1895 1391,
814 1831 919 1876 21.
996 1809 1475 1896 μυθολογουμένας
1505 1816 1608 1884 τοὶς
1637 1811 1930 1895 Λεωκόρας
1967 1809 2153 1894 1398,
2185 1811 2245 1873 6.

668 1899 865 1978 μύθους
894 1895 1143 1982 λέγοιμι.
1188 1919 1289 1960 me
1316 1895 1566 1961 fabulas
1595 1918 1867 1974 narrare,
1890 1895 1958 1960 h.
1975 1918 2028 1958 e.
2052 1896 2312 1982 garrire,
2337 1896 2562 1982 nugari
2590 1916 2786 1982 1219,

590 2001 689 2062 14.

669 2069 909 2149 μυθώδης
937 2071 1087 2150 641,
1126 2071 1440 2156 19.=Ly.
1476 2083 1623 2153 159,
1654 2086 1761 2155 37.

667 2155 1015 2239 μυκτηρίζειν
1044 2155 1422 2220 subsannare
1451 2157 1532 2218 L.
1562 2177 1666 2242 ap.
1703 2153 1861 2220 Poll.
1897 2156 1993 2219 II.
2025 2175 2087 2235 4.

668 2243 947 2326 μυλωθρός
990 2260 1172 2326 1251,
1202 2243 1445 2326 5.=D.
1478 2261 1585 2326 93,
1618 2262 1680 2325 9.

668 2325 888 2415 μυλῶν]
922 2331 974 2390 ἐν
1002 2333 1083 2412 τῷ
1108 2335 1319 2409 μυλῶνι
1350 2334 1619 2413 προσῆκεν
1655 2330 1820 2392 αὐτὸν
1863 2328 1998 2390 εἶναι
2041 2329 2288 2408 μᾶλλον,
2319 2325 2470 2403 ἢ-Ι
2489 2345 2642 2402 111,
2677 2340 2780 2409 27.

591 2441 657 2470 =
668 2414 1123 2498 μαστιγωθεῖσαν
1153 2418 1223 2488 εἰς
1251 2415 1342 2476 τὸν
1368 2412 1598 2494 μύλωνα
1627 2417 1882 2496 ἐμπεσεῖν
1913 2415 1998 2477 L.
2029 2433 2134 2498 93,
2165 2412 2444 2498 25.=D.
2477 2432 2585 2498 93,
2617 2431 2720 2476 10.

626 2541 633 2549 -
668 2500 997 2586 μυςεψικὸς]
1031 2499 1538 2580 κατασκευάσομαι
1566 2500 1768 2584 τέχνην
1796 2501 2102 2584 μυρεψικὴν
2132 2500 2216 2562 L.
2245 2499 2328 2562 fr.
2365 2520 2424 2576 2,
2457 2517 2518 2562 2.

668 2591 715 2648 οί
742 2585 923 2668 μύριοι
951 2597 1199 2649 senatus
1228 2585 1555 2648 Arcadum
1587 2605 1739 2669 344,
1776 2605 1876 2670 13.
1927 2604 2079 2669 403,
2118 2605 2214 2648 10.
2289 2586 2366 2666 μή
2395 2611 2490 2664 μοι
2529 2583 2783 2669 μυρίους,

581 2673 717 2751 μηδὲ
751 2670 1057 2751 δισμυρίους
1096 2671 1273 2748 ξένους
1300 2684 1408 2755 45,
1448 2673 1756 2744 12.=·rot⁸›;
1797 2675 2018 2755 μυρίους
2061 2678 2170 2734 τῶν
2195 2672 2484 2756 Ἀρκάδων
2525 2675 2788 2734 νουθετῶν

584 2755 687 2818 AE.
718 2775 827 2839 49,
864 2757 959 2820 18.
1034 2759 1157 2830 τοὺς
1184 2755 1406 2839 μυρίους
1434 2758 1612 2835 ξένους
1637 2760 2048 2840 Ἀμφισσεῦσιν
2071 2757 2424 2838 ἐκμισθώσας
2456 2771 2562 2839 74,
2598 2773 2704 2820 22.

666 2841 993 2928 μυροπώλης
1024 2843 1104 2905 L.
1136 2843 1215 2904 fr.
1252 2861 1312 2919 2,
1345 2857 1402 2924 7.
1451 2842 1558 2906 ubi
1593 2842 1676 2906 sic
1704 2841 1828 2929 leg.
1855 2841 2122 2906 videtur.
2185 2846 2342 2906 ἀλλὰ
2371 2846 2510 2925 γὰρ,
2544 2841 2648 2904 ὀὗ
2681 2842 2780 2924 (in

582 2925 846 2990 articulo
972 2927 1317 3014 stpositivo,
1362 2931 1569 3014 cnjus,
1620 2951 1744 2991 non
1791 2932 1872 3005 οὐ,
1917 2931 2072 3010 non)
2107 2933 2204 3005 τὴν
2247 2929 2437 2991 οὐσίαν
2481 2927 2782 3006 κέκτηται,

578 3012 851 3096 Ἑρμαίου
883 2949 1012 3095 goel
1038 3013 1302 3096 “Ερμέου,
1331 3035 1475 3078 nam
1505 3014 1766 3101 perinde
1801 3018 1950 3100 est,)
1983 3021 2080 3076 τοῦ
2122 3015 2472 3099 μυροπώλου,
2503 3019 2600 3090 τὴν
2644 3041 2784 3098 γυν-

582 3103 719 3161 αῖκα
752 3097 849 3180 (id
874 3112 969 3162 est
994 3099 1187 3162 τούτου
1216 3103 1315 3176 τὴν
1342 3105 1638 3185 γυναῖκα).
1713 3123 1932 3165 verum
1971 3100 2310 3178 enimvem,
2342 3099 2526 3187 cujus
2569 3099 2784 3163 homi-

580 3183 679 3246 nis
704 3183 1032 3249 facultates
1060 3207 1173 3272 per
1202 3185 1377 3250 nefas
1404 3186 1754 3272 acquisivit,
1791 3189 2086 3251 Hermeae
2114 3201 2291 3274 puta,
2315 3185 2685 3272 mympolae,
2709 3185 2790 3248 il-

580 3268 703 3334 lius
734 3293 993 3335 uxorem
1020 3271 1301 3359 corrupit
1328 3273 1533 3350 ταύτης
1562 3279 1688 3356 ἐρᾶν
1713 3299 1805 3360 πρ.
1837 3273 2009 3351 item,
2041 3276 2164 3336 ἀντὶ
2195 3274 2447 3349 καπήλου
2477 3271 2644 3334 αὑτὸν
2671 3299 2788 3353 μυ-

578 3357 829 3441 ροπώλην
871 3357 1117 3437 ἀπέδειξε
1158 3359 1237 3444 fr.
1275 3379 1334 3436 2,
1368 3375 1432 3441 7.
1510 3374 1644 3424 erat
1683 3366 1836 3446 ergo
1877 3359 2202 3444 μυροπώλου
2237 3356 2672 3446 (apothecarii,
2707 3373 2788 3423 ut

578 3463 693 3507 nos
724 3449 1130 3531 usurpamus)
1152 3445 1284 3532 jam
1318 3461 1454 3510 tum
1482 3469 1740 3532 quoque
1767 3445 2040 3532 dignitas
2067 3443 2352 3532 amplior,
2382 3466 2574 3532 quam
2599 3446 2790 3522 καπῆ-

579 3543 681 3594 λου
708 3532 1009 3617 cauponis
1036 3530 1255 3595 vinarii
1286 3545 1349 3596 et
1374 3531 1728 3596 tabernarii.

664 3618 1009 3699 μυροπώλιον
1040 3621 1189 3701 786,
1224 3620 1280 3683 8.
1320 3637 1471 3702 911,
1509 3619 1777 3704 13.=L.
1807 3634 1952 3701 170,
1977 3619 2040 3682 8.
2069 3617 2178 3682 ubi
2205 3614 2448 3703 Taylor
2473 3616 2540 3680 in
2569 3616 2786 3682 indice

576 3699 756 3764 addit
783 3700 917 3765 haec
954 3703 1093 3785 (nisi
1123 3703 1246 3790 leg.
1280 3703 1359 3768 sit
1385 3707 1803 3790 μυροπωλεῑον.)

664 3787 802 3872 μῦς]
834 3785 958 3870 ἄρτι
988 3795 1093 3869 μῦς
1122 3790 1315 3867 πίττης
1344 3791 1574 3873 γεύεται
1609 3809 1798 3875 1215,
1833 3810 1935 3855 10.

664 3873 897 3960 Μυσὸς]
928 3877 1023 3951 τὴν
1052 3879 1267 3938 Μυσῶν
1284 3875 1441 3938 λείαν
1470 3878 1810 3958 καλουμένην
1837 3877 1984 3955 248,
2009 3895 2111 3960 23.

574 4005 587 4015 .
660 3959 967 4044 μυστήρια]
1006 3964 1077 4034 εἰς
1105 3988 1173 4041 μ.
1202 3965 1299 4038 τὴν
1328 3965 1574 4047 γυναῖκα
1603 3961 1736 4046 ἄγει
1767 3965 1852 4025 ἐπὶ
1885 3971 2082 4026 λευκοῦ
2113 3961 2336 4046 ζεύγους
2361 3963 2515 4046 565,
2551 3974 2658 4043 27.
2705 3965 2788 4035 εἷς

576 4047 673 4122 τὴν
702 4048 884 4128 ἑορτὴν
916 4047 1011 4108 καὶ
1040 4052 1116 4108 τοὶ
1143 4047 1426 4132 μυστῆρια
1456 4051 1588 4133 ὑπὲρ
1615 4054 1784 4125 αὐτῆς
1810 4048 2074 4133 ἀναλώσῃ
2117 4067 2300 4133 1351,
2335 4063 2442 4131 27.
2496 4066 2690 4132 1352,
2723 4067 2782 4110 1.

576 4130 919 4212 ἐπεδῆμησαν
950 4136 1023 4206 εἰς
1052 4137 1129 4195 τὰ
1156 4159 1224 4214 μ.
1252 4133 1338 4197 ob
1378 4133 1709 4221 Mysteria,
1739 4157 1853 4222 per
1879 4155 2095 4198 eorum
2135 4132 2540 4210 occasionem,
2573 4153 2790 4197 vem

576 4227 796 4278 rentur
820 4215 890 4279 in
928 4217 1083 4282 urbe
1118 4233 1307 4303 1352,
1342 4240 1439 4304 19.
1513 4221 1703 4284 τούτου
1742 4227 1840 4283 τοῦ
1878 4224 2039 4302 μηνὸς
2077 4219 2593 4307 [Βοὲἆῐοωὶοηε]
2625 4225 2786 4300 μετὰ

574 4301 651 4363 τὰ
672 4301 952 4385 μυστῆρια
978 4322 1082 4388 29,
1100 4302 1219 4370 ult.
1261 4327 1414 4412 ergo
1442 4306 1758 4394 Mysteria
1783 4329 1994 4370 mense
2025 4305 2480 4371 Boiidromione
2621 4305 2788 4370 ban-

574 4389 1070 4472 tur.=pm·rv'7ptoe
1112 4393 1508 4476 ἄπαγγελλειν
1551 4391 1659 4456 AE.
1703 4411 1813 4479 45,
1844 4415 1985 4482 pen.
2031 4393 2199 4458 conf.
2245 4417 2308 4458 v.
2340 4395 2448 4478 38.
2503 4329 2640 4456 &gi
2685 4406 2788 4457 est

572 4471 1009 4559 μυστηριώτιδας
1036 4477 1273 4550 σπονδὰς
1292 4477 1709 4565 ἀπαγγέλλειν.
