2975 4967
954 269 1578 353 GRAECITATI'S.
2236 303 2366 376 549

244 457 559 540 μισοδημία
582 456 803 524 odium
832 479 984 546 erga
1006 458 1211 546 plebis
1228 459 1580 525 libertatem
1605 471 1670 524 et
1692 459 2078 546 majestatem
2101 461 2235 526 An.
2301 482 2368 542 0,

164 547 441 632 3.=aeepl
478 547 611 626 ἐμοῦ
640 545 737 608 καὶ
768 551 867 609 τοῦ
893 547 1099 630 πατρὸς
1136 547 1283 610 οὐδὲν
1314 545 1467 621 οὗτος
1513 545 1620 624 ἕξει
1665 545 1848 631 λέγειν
1893 551 1966 620 εἰς
2009 481 2366 631 μισοδημῗαν.

164 653 285 694 non
318 629 553 718 poterit
592 629 773 695 nobis
810 632 1191 719 exprobrare
1230 631 1449 696 odium
1495 645 1694 696 status
1735 631 2058 720 popularis
2102 633 2182 698 L.
2221 650 2366 717 177,

170 735 265 780 20.

244 802 579 888 μισόδημος]
616 807 677 866 οὐ
716 803 1017 886 μισόδημος
1055 801 1375 868 ὢν-ἀλλὰ
1418 803 1774 892 μισοπόνηρος
1801 803 1908 868 AE.
1938 819 2048 890 51,
2078 806 2368 872 6.=.·An.

168 909 269 973 31,
309 890 633 976 10.=Ly.
672 902 819 973 152,
850 891 1135 968 40.-.-..··D.
1176 909 1322 968 111,
1363 909 1459 955 12.

247 1001 521 1055 μισοπονη
556 976 654 1061 εῖν]
690 979 767 1054 μὴ
798 977 899 1060 πρὸ
928 983 1021 1053 τῆς
1052 976 1283 1064 κρίσεως
1311 980 1709 1062 μισοπονηρεῖν,
1739 979 1876 1038 ἀλλ’
1907 980 1960 1040 ἐν
1984 983 2052 1063 τῇ
2083 975 2260 1062 κρίσει
2287 1003 2370 1042 τι-

170 1063 467 1146 μωρεῖσθαι
568 1109 581 1124 .
622 1061 765 1139 186,
792 1079 903 1146 32.

250 1145 611 1232 μισοπόνηρος
640 1146 797 1230 584,
837 1146 1136 1212 12.=AE.
1176 1167 1277 1226 10,
1311 1167 1417 1212 21.
1448 1165 1558 1234 51,
1593 1148 1656 1212 6.

253 1237 443 1314 μῖσος,
470 1233 541 1296 ἂν
566 1234 776 1306 τούτοις
804 1258 889 1306 τις
918 1237 1147 1315 ἐπιτιμᾶ
1182 1251 1327 1311 121,
1361 1255 1427 1320 9.
1514 1237 1591 1296 τοὶ
1618 1234 1758 1315 μίση
1790 1233 1885 1296 καὶ
1919 1236 1990 1295 τὰ
2027 1237 2369 1318 ὅγκλήματα

176 1321 249 1397 ἐφ’
278 1317 413 1395 ὅλην
442 1319 672 1404 ἔρχεται
701 1321 796 1394 τὴν
823 1319 983 1382 πόλιν
1016 1297 1161 1399 168,
1188 1319 1531 1408 2.-.;χοἰςιν,
1563 1323 1622 1382 οὐ
1649 1323 1834 1402 μῖσος,
1865 1323 1946 1404 τῷ
1975 1320 2368 1407 δυστυχήματι

177 1402 427 1490 φέρεσθαι
456 1407 587 1492 παρ’
619 1409 768 1486 ὑμῶν
794 1406 931 1468 An.
968 1423 1072 1483 21,
1107 1424 1163 1473 2.

255 1489 580 1572 μισότεκνος
608 1489 714 1554 AE.
746 1493 853 1571 64,
882 1509 987 1570 41.
1162 1521 1173 1532 ·

256 1577 651 1662 μισοτύραννος
678 1577 793 1640 AE.
826 1578 933 1654 66,
964 1597 1071 1657 41.

256 1660 657 1744 μισοφίλιππος
686 1661 793 1724 AE.
823 1681 935 1746 30,
966 1664 1031 1727 6.

260 1750 399 1834 μνᾶ]
428 1749 619 1834 τριηρίι
650 1773 816 1832 χους,
836 1747 907 1810 ὧν
937 1747 1171 1823 ἕκαστος
1199 1748 1502 1836 τριάκοντα
1531 1755 1676 1830 μνᾶς
1704 1753 1777 1822 εἷς
1807 1748 2068 1814 ἐπίπλουν
2097 1749 2238 1833 [nisi
2259 1775 2370 1840 po-

180 1833 301 1896 tius
340 1836 577 1896 ἔκπλουν
644 1857 743 1919 eg.
786 1835 905 1919 est]
940 1833 1133 1912 εἴληφε
1183 1854 1371 1919 1231,
1406 1835 1926 1920 13.εὸανει’ζεσθαι
1969 1840 2064 1914 τὴν
2099 1845 2240 1917 μνᾶν
2285 1841 2368 1902 ἐπ’

181 1919 325 1982 ἐννέα
352 1921 593 1998 ὀβολοῖς,
625 1920 882 1983 novenis
908 1919 971 1983 in
1012 1919 1243 1984 minam
1281 1920 1479 1984 obolis
1521 1943 1640 2008 pro
1681 1921 1922 1985 foenore
1963 1921 2026 1984 in
2073 1943 2369 2003 mensem,

182 2027 318 2068 cum
350 2005 483 2068 seni
511 2004 663 2069 alias
691 2019 893 2070 essent
924 2019 1155 2070 statum
1192 2006 1401 2070 foenus
1429 2005 1537 2068 AE.
1579 2027 1678 2091 15,
1716 2009 1817 2070 16.
1892 2007 2173 2070 ἀπεδίδοτο
2217 2012 2373 2095 τριά-

183 2116 347 2153 κοντα
378 2101 525 2169 μνῶν
552 2095 647 2170 τήν
676 2091 852 2176 ὕβριν,
884 2094 980 2155 καὶ
1018 2098 1115 2170 τὴν
1149 2098 1247 2155 τοῦ
1276 2092 1441 2173 δήμου
1472 2093 1966 2177 καταχειροτονίαν
1996 2096 2103 2172 61,
2135 2095 2194 2158 6.
2282 2098 2376 2160 τύ-

185 2202 294 2253 κον,
340 2178 603 2261 δραχμὴν
644 2184 741 2239 τοῦ
785 2181 949 2258 μηνὸς
992 2184 1087 2254 τῆς
1126 2185 1269 2260 μνᾶς
1298 2179 1406 2256 68,
1442 2179 1832 2262 26.επροῒκα
1885 2179 2148 2253 ἐπιδόντες
2199 2179 2372 2246 εἴκοσι

184 2268 317 2343 μνᾶς
348 2264 411 2326 I.
454 2264 587 2346 [16,
611 2265 707 2348 5.]
788 2267 883 2341 τὴν
909 2262 1029 2340 ἰ’σην
1056 2268 1259 2350 προῖκα
1290 2264 1552 2338 ἐπιδόντες
1593 2264 1728 2348 [16,
1761 2266 1860 2348 6.]
1935 2269 2078 2328 ἑπτὰ
2106 2273 2246 2347 μνᾶς
2275 2270 2373 2332 καὶ

182 2348 460 2411 τάλαντον
488 2351 715 2424 ἀποδοὺς
744 2351 851 2412 ἀπὸ
880 2355 975 2426 τῆς
1002 2355 1163 2431 τιμῆς
1190 2356 1289 2412 τοῦ
1315 2348 1532 2435 χωρίου
1571 2351 1704 2434 [24,
1735 2353 1870 2435 36.]

263 2435 537 2517 μνᾶσθαι.
593 2435 927 2517 μεμνῆσθαι]
974 2436 1335 2498 συνανᾶλωσε
1380 2436 1475 2497 καὶ
1520 2437 1584 2498 τὸ
1627 2440 1932 2517 μεμνῆσθαι
1977 2441 2044 2521 τῇ
2085 2437 2236 2524 τύχῃ
2278 2443 2376 2517 τήν

182 2521 370 2604 χάριν.
446 2519 808 2584 memoriam
835 2520 1055 2607 gratioe
1086 2521 1359 2585 fortunoe
1400 2520 1704 2584 habendoe
1741 2541 1841 2598 12,
1879 2541 1978 2586 12.
2053 2523 2250 2606 καίπερ
2274 2525 2378 2588 ’ὅν-

184 2630 270 2679 τες
298 2609 359 2669 ού
390 2608 544 2669 δεινοὶ
575 2608 699 2680 τοὺς
731 2609 1051 2680 ἀδικοῦντας
1090 2609 1397 2689 μεμνῆσθαι
1427 2621 1537 2691 75,
1574 2627 1674 2692 13.
1749 2609 1880 2686 ἥσθη
1925 2633 1986 2670 τε
2029 2613 2139 2682 τοῖς
2184 2609 2376 2697 λόγοις

188 2695 279 2754 καὶ
309 2689 511 2777 ἐπῄνει,
540 2691 619 2755 ὅτι
647 2692 922 2773 μέμνηται
954 2691 1011 2756 εὖ
1036 2693 1219 2757 παθιόν
1254 2711 1441 2776 1192,
1480 2711 1578 2758 12.

263 2779 647 2864 μνασιδωρεῖν.
721 2800 984 2842 munera
1010 2777 1129 2842 diis
1156 2778 1396 2843 offerre.
1468 2778 1745 2866 proprie,
1775 2777 2124 2845 meminisse
2158 2805 2377 2847 mune-

188 2886 322 2927 rum
352 2863 711 2928 dandorum
740 2881 895 2950 531,
930 2884 1031 2950 13.
1066 2880 1254 2946 1072,
1288 2883 1393 2944 24.

264 2950 461 3036 μνεία]
496 2950 687 3032 μνείαν
712 2950 837 3034 περί
862 2975 1003 3027 τινος
1030 2953 1297 3014 ποιεῖσθαι
1328 2949 1430 3012 AE.
1466 2968 1571 3035 23,
1601 2965 1668 3035 5.

265 3037 491 3119 μνῆμα]
522 3038 625 3098 *οὐ
652 3039 737 3117 μὰ
765 3039 889 3110 τοὺς
920 3041 973 3099 ἐν
1002 3041 1113 3110 τοῖς
1142 3035 1416 3119 δημοσίοις
1443 3038 1694 3118 μνήμασι
1719 3035 1990 3114 κειμένους
2011 3037 2254 3121 ἀγαθοὺς
2273 3035 2378 3099 οἷν-

186 3123 309 3207 δρας
342 3135 499 3206 297,
541 3137 638 3206 15.
711 3122 993 3204 μνήματος
1024 3121 1171 3196 ὄντος
1202 3128 1375 3186 κοινοῦ
1404 3121 1584 3184 ἅπασι
1614 3125 1726 3196 τοῖς
1755 3123 1862 3185 ἀπὸ
1903 3123 2184 3187 Βουσέλου
2225 3149 2382 3206 γενο-

185 3207 358 3286 μένοις
410 3221 603 3289 1077,
636 3225 738 3273 22.
812 3213 873 3271 οὐ
919 3209 1341 3284 κεκοινωνήκασι
1385 3215 1482 3270 τοῦ
1530 3209 1814 3290 μνήματος
1858 3207 2052 3271 τούτου
2101 3211 2286 3290 1078,
2322 3227 2380 3274 2.

186 3299 375 3375 μνῆμα
404 3296 619 3367 ἑαυτοῖς
648 3291 759 3378 ἰδίᾳ
788 3294 1107 3372 ἐποιήσαντο
1136 3293 1343 3357 ἄπ’ωθεν
1373 3300 1471 3356 τοῦ
1499 3295 1842 3356 Βουσελιδῶν
1877 3294 2159 3374 μνήματος
2195 3309 2307 3376 107
2318 3295 2383 3374 8,

180 3398 248 3462 3.
308 3377 357 3486 ᾗ
383 3381 453 3442 τὸ
480 3385 671 3460 μνῆμα
700 3378 1093 3464 ᾠκοδόμησενὸ
1124 3381 1253 3454 θεοῖς
1282 3379 1475 3464 ἐχθρὸς
1506 3377 1657 3452 οὗτος
1697 3399 1810 3441 112
1814 3396 1878 3463 5,
1913 3398 2011 3458 14.
2086 3381 2150 3442 rb
2189 3385 2382 3461 μνῆμα

186 3481 487 3542 φυλαττειν
516 3467 601 3528 ἐπὶ
630 3469 773 3547 τρεῖς
800 3465 1003 3548 ἡμέρας
1042 3487 1065 3529 1
1083 3469 1226 3544 160,
1267 3468 1366 3529 16.
1437 3469 1514 3528 τὰ
1542 3465 1812 3545 μνήματα
1849 3463 2071 3528 παλαιά
2111 3466 2256 3541 ἐστι,
2286 3465 2384 3526 καὶ

186 3553 305 3632 πρὶν
328 3556 483 3632 ἡμᾶς
512 3550 827 3627 κτήσασθαι
855 3554 920 3616 τὸ
950 3553 1155 3638 χωρίον
1184 3549 1532 3636 γεγενημένα
1566 3571 1588 3614 1
1607 3563 1752 3634 275,
1791 3568 1890 3633 15.
1967 3547 2136 3624 ἔθαψε
2163 3549 2386 3623 τούτους

188 3640 255 3710 εἷς
282 3641 359 3700 τὰ
387 3641 633 3722 πατρῷα
658 3636 926 3719 μνήματα
956 3652 1139 3723 1307,
1164 3657 1223 3724 9.
1315 3637 1396 3710 τίς
1429 3634 1540 3699 *ἄν
1567 3639 1737 3717 ἐστιν,
1768 3633 1918 3710 ὅστις
1947 3639 2019 3709 εἰς
2046 3639 2122 3698 τοὶ
2149 3639 2388 3721 πατρῷα

185 3723 458 3806 μνήματα
476 3724 603 3796 τοὺς
622 3723 789 3804 μηδὲν
814 3727 869 3786 ἐν
896 3724 1041 3808 γένει
1066 3724 1481 3808 *προσήκοντας
1509 3721 1714 3785 τιθέναι
1744 3720 1912 3785 ἐάσαι
1941 3741 2128 3807 1307,
2153 3741 2254 3788 12.
2299 3721 2389 3784 τέ-

186 3809 391 3872 θαπαι
422 3811 479 3871 ἐν
505 3813 619 3882 τοῖς
648 3808 923 3891 δημοσίοις
946 3810 1217 3891 μνήμασι.
1292 3807 1734 3895 cenotaphium
1777 3807 1832 3895 ej
1843 3829 1914 3871 us
1957 3821 2054 3872 est
2093 3807 2160 3870 in
2191 3809 2388 3872 Cera-

186 3893 368 3958 mico.
446 3893 511 3956 h.
538 3917 593 3958 e.
622 3893 989 3982 inscriptum
1031 3908 1126 3960 est
1151 3917 1377 3958 nomen
1404 3895 1543 3981 ejus
1573 3893 1764 3973 stelae,
1795 3892 2112 3958 exhibenti
2140 3893 2393 3958 nomina

184 4003 431 4058 eorum,
463 3979 575 4068 qui
603 4003 747 4044 cum
792 3981 857 4045 in
892 3981 1099 4045 Sicilia
1138 3981 1596 4058 occubuissent,
1633 3979 1850 4066 ibique
1891 3979 2120 4067 sepulti
2163 3995 2390 4060 essent,

186 4067 467 4131 Athenis
492 4065 879 4132 cohonestati
906 4081 1055 4132 sunt
1082 4067 1267 4132 titulo
1296 4066 1524 4132 tumuli
1553 4065 1811 4153 publici,
1841 4065 1949 4129 sed
1975 4065 2176 4129 inanis
2203 4085 2392 4151 1310,

191 4173 296 4238 15.
370 4156 478 4228 τοὶς
502 4153 812 4240 μαρτυρίας
838 4161 947 4217 τῶν
976 4154 1257 4239 φρατόρων
1287 4155 1385 4217 καὶ
1424 4159 1716 4238 συγγενῶν
1753 4153 1850 4214 καὶ
1893 4153 2138 4232 δημοτῶν
2183 4155 2278 4215 καὶ
2321 4149 2396 4215 ὧν

184 4243 261 4303 τοὶ
312 4240 589 4323 μνήματα
640 4243 824 4302 ταύτὰ
875 4260 949 4326 13
963 4260 990 4302 1
1007 4259 1065 4319 1,
1096 4254 1237 4323 5.=
1252 4241 1337 4304 ὂπὶ
1380 4243 1459 4301 τοὶ
1499 4239 1768 4320 μνήματα
1812 4235 1948 4300 ίέναι
1986 4238 2255 4321 χεόμενον
2297 4237 2394 4301 καὶ

184 4329 521 4411 ἑναγιοῦντα
556 4324 617 4390 I.
646 4327 755 4404 61,
789 4343 891 4392 20.
920 4328 1030 4404 62,
1052 4345 1154 4406 40.
1190 4326 1295 4410 76,
1319 4343 1423 4410 34.
1456 4325 1565 4407 78,
1591 4327 1978 4411 32.;-..-μνῆμα
2009 4327 2213 4410 πατρὸς
2249 4323 2397 4409 ἔχων

187 4414 365 4494 δεῖξαι
394 4412 483 4476 D.
524 4425 669 4493 107,
702 4429 803 4477 21.

272 4497 566 4582 μνημεῖον]
604 4501 704 4562 οὐκ
730 4498 1017 4585 ᾐσθάνετο,
1048 4494 1129 4561 ὅτι
1168 4500 1229 4560 ού
1271 4502 1367 4559 τοῦ
1390 4496 1586 4581 θτιιίφου
1627 4495 1884 4578 μνημεῖόν
1927 4498 2048 4558 ἔστι
2091 4496 2156 4558 τὸ
2199 4491 2400 4561 οἰκοδό-
