2975 4967
541 271 666 356 708
1417 281 1430 288 ·
1466 267 1773 336 INDEX

537 443 869 532 ἢλευθίρώσε
921 460 1066 532 193,
1095 445 1176 509 ’6.
1253 442 1695 531 προσκαθήμενος
1738 443 1890 525 676,
1937 443 2583 533 4.-.*προσκαθεσθῆσῃ
2628 443 2757 510 AE.-

541 544 992 703 77:13310222‘1‘11]
1041 615 1495 700 προσκαλέσαντι
1546 615 1667 690 τοὺς
1718 619 1994 702 χορευτὰς
2042 619 2265 680 σκοπεῖν
2306 631 2391 702 53
2400 635 2461 696 2,
2494 617 2594 681 18.
2630 637 2741 698 24.

541 703 624 766 In
669 701 900 767 medio.
973 705 1050 784 μὴ
1095 701 1591 786 προσκαλέσασθαι
1632 703 1766 788 πρὸς
1808 702 1902 764 τὸν
1942 699 2200 787 ἄρχοντα
2240 705 2436 780 ἐξεῖναι
2480 717 2635 790 534,
2674 723 2741 768 1.

537 789 974 876 προσκαλεῖσθαι
1002 786 1171 852 diem
1199 785 1428 867 dicere,
1458 787 1651 852 citare
1677 786 1762 851 ad
1780 785 2095 874 judicium
2130 802 2279 871 277,
2310 807 2408 870 14.
2480 803 2546 852 et
2588 787 2743 854 alibi

539 872 872 962 saepissime
900 873 1203 938 locorum.
1278 872 1404 938 τίνα
1433 876 1667 951 σπουδὴν
1692 874 1925 936 ποιεῖσθε
1953 874 2455 957 προσκαλέσασθαι
2484 874 2565 939 ad
2594 897 2743 962 par-

539 972 634 1026 tes
657 975 894 1026 vestras
921 959 1280 1048 pertrahere
1298 958 1621 1041 βουλόμενοι
1642 961 1973 1033 Θετταλοὺς
2004 961 2101 1022 καὶ
2124 960 2415 1038 Θηβαίους
2445 961 2597 1047 283,
2632 981 2739 1041 14.

537 1053 964 1132 προσκαλοῦμαι
996 1052 1148 1110 κατὰ
1177 1047 1440 1128 Δήμωνος
1467 1051 1539 1120 εἰς
1575 1043 1885 1130 μαρτυρίαν
1922 1047 2073 1129 [non
2100 1044 2406 1134 intelligo]
2446 1047 2593 1132 850,
2632 1065 2738 1128 14.

539 1132 712 1218 κάγὼ
751 1139 1028 1216 κλητῆρας
1073 1133 1222 1216 ἔχων
1263 1132 1769 1219 προσεκαλεσάμην
1812 1133 1978 1195 αὐτὸν
2021 1152 2172 1215 911,
2213 1152 2311 1212 14.
2387 1132 2739 1210 λειποταξίου

536 1218 876 1303 προσεκλῆθη
913 1239 1062 1303 999,
1100 1236 1202 1283 12.
1273 1216 1451 1296 ξενίας
1494 1219 1931 1302 προσκαλεῖσθαι
1975 1217 2061 1282 ob
2102 1217 2607 1304 peregrinitatem
2651 1217 2741 1284 ad

529 1303 810 1390 judicem
855 1303 1056 1382 citari,
1093 1303 1390 1378 accusari,
1430 1301 1607 1388 quod
1650 1302 1873 1380 civem,
1914 1304 2025 1390 qui
2074 1303 2283 1368 minus
2325 1303 2425 1384 sit,
2454 1327 2521 1368 se
2636 1317 2742 1370 rat

539 1407 688 1474 999,
726 1404 824 1472 17.
896 1390 1220 1473 τραύματος
1250 1392 1323 1463 εἷς
1337 1387 1555 1474 Ἄρειον
1596 1388 1782 1473 πάγον
1823 1413 1897 1470 με
1939 1387 2403 1475 προσεκαλέσατο
2442 1409 2558 1455 101
2612 1437 2633 1468 ,
2664 1411 2737 1475 9.

546 1495 736 1562 1331,
766 1493 826 1558 7.
872 1477 964 1538 τὸν
992 1475 1150 1555 νόμον
1177 1476 1418 1538 κελεύειν
1442 1477 1599 1559 παρὰ
1627 1480 1725 1539 τοῦ
1750 1475 2222 1556 ἐπιδεδικασμένου
2253 1476 2348 1538 καὶ
2390 1475 2613 1561 ἔχοντος
2640 1478 2741 1540 τὸν

541 1567 744 1648 κλῆρον
785 1563 1250 1648 προσκαλεῖσθαι,
1295 1559 1362 1625 id
1405 1573 1501 1624 est
1548 1559 1812 1624 ποιεῖσθαι
1852 1565 1951 1636 τὴν
1998 1561 2345 1647 πρόσκλησιν
2394 1581 2581 1646 1052,
2628 1579 2739 1642 14.

539 1669 684 1711 eum
715 1647 778 1710 in
800 1647 911 1734 jus
936 1647 1150 1723 citare,
1181 1646 1316 1745 qui,
1348 1645 1669 1710 sententiae
1696 1645 1760 1710 vi
1788 1646 2134 1711 secundum
2162 1669 2227 1710 se
2252 1645 2460 1725 dictae,
2488 1647 2553 1711 in
2590 1669 2743 1733 pos-

539 1733 866 1798 sessionem
909 1732 1270 1798 hereditatis
1310 1731 1702 1819 immigrarit.
1750 1732 1939 1796 Conf.
1979 1755 2041 1820 p.
2068 1752 2256 1817 1054,
2288 1749 2389 1818 25.
2457 1757 2741 1818 προσεκα,

539 1818 752 1884 λε’σατο
781 1820 1168 1902 Μακάρτατον
1195 1825 1292 1882 τοῦ
1322 1820 1527 1904 κλήρου
1556 1822 1627 1893 εἰς
1667 1818 2013 1882 διαδικασίαν
2048 1832 2235 1903 1054,
2273 1823 2371 1883 16.
2442 1831 2737 1926 προσκλη-

539 1906 643 1979 θεὶς
670 1907 778 1969 ἀπὸ
807 1911 900 1982 τῆς
932 1905 1107 1980 οἰκίας
1134 1927 1169 1968 e
1198 1904 1387 1968 domo
1415 1925 1531 1969 sua
1559 1902 1899 1968 arcessitum
1974 1907 2034 1967 οὐ
2062 1909 2181 1991 γὰρ
2206 1902 2269 1980 ἦν
2296 1923 2532 1988 φανερος.
2584 1925 2739 1970 nam

539 1990 604 2054 in
631 1991 772 2055 foro
801 1989 1014 2055 nullus
1039 1991 1439 2077 comparebat
1474 2009 1503 2053 1
1520 2010 1669 2074 1903
1691 2009 1755 2070 4.
1812 1995 2052 2069 πολλὰς,
2082 1989 2611 2077 προσ-καλεσάμενος
2632 1991 2737 2054 καὶ

541 2077 930 2163 γραψάμενος,
974 2077 1246 2157 καθυφῆκε
1284 2095 1471 2162 1333,
1506 2095 1569 2142 2.
1638 2075 2169 2164 προσκαλεσάμενος
2209 2075 2541 2160 πρόπεμπτα
2582 2097 2737 2140 cum

539 2183 684 2224 eum
715 2161 982 2240 citasset,
1011 2161 1116 2226 die
1143 2163 1368 2250 quinto
1393 2178 1538 2227 ante
1566 2159 1732 2226 diem
1753 2160 1997 2248 judicio
2018 2161 2262 2248 agendo
2282 2161 2510 2226 dictam
2540 2163 2739 2244 1076,

544 2265 644 2314 20.
659 2249 1166 2333 επροσκαλεῖσθαι
1199 2253 1272 2324 εἰς
1309 2253 1407 2325 τὴν
1449 2247 1641 2328 φιλίαν
1672 2249 1782 2311 AE.
1816 2267 1921 2327 24,
1956 2247 2538 2334 26.επροσκληθέντι
2574 2247 2737 2331 (scil.

538 2333 604 2397 in
633 2328 866 2412 forum,
899 2332 993 2398 vel
1015 2333 1358 2421 judicium)
1388 2339 1468 2417 μὴ
1499 2335 1667 2398 ἐλθεῖν
1694 2335 1786 2397 Α.
1822 2353 1969 2420 131,
2006 2334 2581 2421 ιτα-προσκαλεῖσθαι
2602 2335 2739 2422 πρὸς

539 2419 814 2484 ἀντίδοσιν
856 2420 940 2485 L.
978 2423 1122 2506 169,
1153 2441 1222 2508 3.
1254 2422 1480 2485 TAYL.
1568 2421 1717 2506 Ego
1746 2442 1893 2484 vero
1932 2435 2178 2504 προκαλ.
2208 2418 2379 2497 dedi,
2408 2419 2539 2484 sine
2582 2445 2625 2482 σ
2664 2419 2738 2484 iu

539 2505 742 2592 prima
767 2506 1022 2593 syllaba.
1075 2505 1226 2583 δίκην
1251 2507 1515 2588 ἀσεβείας
1541 2507 1977 2591 προσκαλεῖσθαι
2006 2507 2132 2592 πρὸς
2160 2507 2255 2569 τὸν
2280 2505 2531 2586 βασιλέα
2556 2505 2741 2593 apud

539 2613 748 2690 regem
779 2615 1093 2657 sacrorum
1121 2592 1394 2679 aliquem
1419 2591 1797 2657 denunciare
1822 2613 2001 2656 reum
2030 2591 2353 2678 sacrilegii,
2378 2603 2490 2655 aut
2514 2589 2742 2678 impie-

537 2688 686 2742 tans
714 2700 782 2741 er
891 2677 1042 2743 deos
1077 2698 1220 2760 104,
1254 2699 1356 2765 13.
1427 2678 1931 2762 προσεκαλεσάμην
1959 2679 2123 2741 αὐτὸν
2146 2680 2278 2765 πρὸς
2312 2678 2405 2740 τὸν
2438 2677 2739 2764 πολέμαρ-

537 2787 648 2848 χον
683 2763 760 2826 16
809 2811 830 2842 ,
860 2781 968 2850 32.
1053 2763 1183 2846 πρός
1215 2768 1312 2842 τὴν
1350 2768 1523 2847 φυλὴν
1556 2761 1707 2845 (vel,
1736 2777 1813 2828 ut
1852 2761 1999 2828 alibi
2040 2762 2293 2851 legitur,
2322 2762 2452 2848 πρδς
2492 2763 2620 2836 τοὺς
2660 2767 2737 2850 τῇ

539 2852 684 2933 φυλῇ
715 2849 1064 2934 δικάζοντας)
1093 2849 1154 2926 ἧς
1181 2850 1316 2914 εἶναι
1347 2850 1647 2927 σκῆπτοιτο
1682 2851 1829 2929 166,
1854 2868 1963 2935 34.
1990 2863 2099 2936 35.
2292 2923 2299 2932 .

625 2957 940 3020 προσκαρτε
975 2937 1073 3020 εῖν]
1089 2935 1412 3020 θεραπαίνας
1426 2938 1532 3009 τοὶς
1550 2934 1770 3020 Νεαίρᾳ
1788 2935 1915 2999 τότε
1926 2935 2441 3023 προσκαρτεροῦσας
2465 2933 2656 3019 1386,
2666 2937 2737 2999 6.

624 2961 1148 3106 προσκατάὲλημα]
1183 3025 1259 3084 τὰ
1283 3021 1857 3108 προσκαταβλῆματα
1876 3019 2247 3104 ὀνομαζόμενα
2269 3019 2736 3098 καταβάλλεται.

537 3103 1048 3186 contributiones,
1075 3105 1251 3171 velut
1274 3105 1895 3194 in’supplementum‚
1918 3106 2270 3172 messoriae
2296 3105 2377 3170 ad
2402 3105 2543 3170 aeris
2562 3127 2740 3170 sum-

540 3213 695 3271 mas,
725 3215 762 3256 e
789 3189 1196 3279 vectigalibus
1223 3191 1557 3257 redeuntes
1584 3211 1734 3280 731,
1763 3206 1833 3277 5.
1870 3213 1973 3258 10.
2002 3201 2517 3258 re-assessnoenta.

623 3279 1210 3363 προσκαταγινῶσκειν
1235 3279 1543 3354 addicere,
1568 3288 1629 3344 to
1652 3277 1956 3367 adjudge.
2011 3284 2227 3359 ζητοῦσι
2256 3281 2555 3358 διαιτητὴν,
2580 3275 2739 3353 ὅστις

541 3367 726 3438 αὐτοῖς
753 3368 830 3427 τοὶ
856 3363 1048 3453 χωρία
1077 3367 1657 3450 προσκαταγνώσεται
1692 3365 1882 3443 1281,
1911 3387 1977 3450 3.

621 3450 1252 3538 προσκατασκευάζειν1
1269 3455 1366 3516 καὶ
1408 3455 1472 3515 ἐκ
1511 3457 1606 3528 τῆς
1648 3451 1959 3538 ἀπολογίας
2002 3451 2188 3526 ὄνειδος
2229 3473 2740 3536 προσκατασκευα-

537 3537 726 3612 σθῆναι
777 3541 846 3624 τῇ
891 3535 1044 3600 πόλει
1089 3539 1240 3622 365,
1287 3553 1388 3621 25.
1477 3538 2063 3624 προσκατασκευάσας
2111 3537 2363 3625 ἐμπόριον
2404 3535 2739 3602 Θευδασίαν

537 3623 691 3704 467,
722 3643 780 3705 9.
871 3623 1046 3700 ἐπειδὴ
1073 3625 1116 3686 δ’
1149 3627 1254 3709 ὁρῶ
1280 3622 1973 3705 προσκατασκευαζόμενόν
2000 3649 2057 3687 τι
2084 3631 2324 3686 τοιοῦτον
2352 3623 2504 3706 683,
2538 3640 2643 3707 23.

622 3710 977 3790 προσκεῖσθαι
1001 3731 1249 3796 urgere,
1267 3707 1497 3774 instare
1524 3708 1881 3796 flagitando.
1928 3718 1991 3774 to
2004 3729 2197 3796 prees
2216 3707 2385 3773 hard
2402 3729 2575 3796 upon
2592 3729 2735 3772 one.

537 3792 742 3853 ἐνταῦθ’
773 3791 864 3868 ἤδη
887 3793 1286 3876 προσεκείμεθα
1311 3799 1666 3871 ἀπαιτοῦντες
1695 3814 1844 3882 933,
1881 3815 1936 3858 1.

621 3876 1075 3962 προσκερδαίνειν]
1108 3881 1667 3966 προσκεκερδάγκασι
1696 3883 1822 3945 no'n
1850 3880 2041 3946 modo
2060 3879 2148 3944 nil
2168 3880 2601 3968 perdiderunt,
2620 3879 2741 3945 sed

537 3969 840 4047 praet'erea
863 3984 1122 4072 quoque
1149 3986 1276 4028 non
1305 3988 1529 4052 parum
1559 3965 1783 4032 lucrati
1812 3979 1962 4032 sunt
1996 3985 2187 4052 1292,
2216 3969 2275 4032 6:

621 4063 1052 4135 προσκεφαλαια
1081 4049 1232 4114 citat
1257 4074 1296 4115 e
1325 4052 1656 4117 Demosth.
1687 4051 1907 4118 Julius
1936 4051 2165 4118 Pollux
2192 4054 2315 4118 VI.
2340 4073 2741 4139 9.=vrgoo·x.s-

537 4133 792 4284 φαλαίῗ
819 4133 963 4209 θέσις
993 4135 1099 4200 AE.
1129 4155 1240 4217 42,
1267 4157 1376 4223 33.
1448 4137 1877 4223 προσκεφάλαια
1903 4139 2053 4218 ἔθηκε
2082 4141 2191 4221 64,
2220 4154 2297 4221 27
2308 4139 2741 4223 ‚en-poento&—

535 4231 691 4281 λαιον
789 4265 804 4283 .
842 4239 956 4286 121
1105 4269 1124 4286 .

535 4237 1587 4479 Μῖεὶ
1632 4312 2147 4482 QQQ
2169 4327 2469 4475 ξεῖνε,
2482 4317 2739 4463 εεεε

537 4474 700 4554 ἰαύει,
729 4475 812 4542 de
840 4499 914 4542 ea
941 4477 1294 4564 postulatur
1313 4495 1515 4564 1054,
1548 4495 1653 4565 25.
1982 4445 2003 4479 ⁹
2033 4423 2078 4486 q
