2975 4967
1018 239 1662 308 GRAEclTATls.
2305 259 2434 332 543

224 407 373 496 capi
404 409 512 474 vix
540 409 783 498 possint
822 409 1003 478 aliter
1044 425 1237 500 atque
1275 433 1422 476 cum
1460 393 1790 500 dispendio
1815 411 2134 500 temporis,
2161 425 2274 480 aut
2303 415 2435 482 sine

222 519 269 559 ο
312 497 705 584 pugnatione
730 512 885 584 379,
916 499 978 564 8.
1035 503 1114 581 μὴ
1146 503 1674 586 odiu—utrumque
1702 497 2056 565 redundare
2082 500 2337 567 videtur
2362 503 2427 568 in

220 517 335 648 HE)
374 579 654 670 ἀπέσχετ’
683 582 753 646 ἂν
794 588 871 667 μὴ
916 587 1015 649 οὐκ
1061 587 1203 658 εὐθὺς
1248 591 1343 649 τοῦ
1386 587 1592 671 πατρὸς
1639 589 2096 664 καταδιαιτῆσαι.
2143 611 2280 675 pro,
2315 593 2426 652 ἆτ-

221 667 424 752 έσχετ’
456 667 527 732 ἂν
554 677 653 735 τοῦ
682 671 829 745 εὐθὺς
858 673 1057 734 καταδ.
1096 689 1285 751 1240,
1324 686 1426 753 17.
1514 676 1592 753 μὴ
1631 674 1761 758 οὐχὶ
1800 675 2252 759 ἀψευδεῖν-οὐχ
2281 673 2426 739 ὅσιον

218 761 495 838 ἠγοῦμαι.
543 757 691 843 (pro
719 755 983 844 simplici
1008 760 1117 841 μὴ)
1168 775 1355 842 1490,
1396 759 1494 821 16.
1580 758 1658 839 μή
1697 783 1752 821 τι
1797 785 1889 844 γε.
1935 759 2192 841 nedum,
2221 761 2426 826 multo

216 840 435 905 minus
466 861 573 924 24,
607 861 711 910 22.
754 844 909 930 383,
943 860 1047 908 21.
1094 845 1246 926 607,
1284 863 1379 906 10.
1427 849 1578 929 609,
1612 863 1715 909 22.
1801 848 1880 926 μὴ
1926 843 2006 910 ὅτι
2049 868 2174 910 non
2219 845 2422 912 solum

216 931 517 1010 Ποῐι-μὴ
560 935 678 1015 γὰρ
724 927 1025 1015 [subaudi
1052 929 1185 1017 ἐρῶ]
1232 928 1313 992 ὅτι
1358 927 1486 1015 πρδς
1528 936 1740 1010 τοῦτον,
1777 938 2013 995 τοιοῦτον
2056 932 2210 1010 ὄντα,
2278 933 2424 998 sub-

214 1012 373 1076 audi
411 1014 576 1090 οὖδεὶς
606 1016 937 1101 ἀμαρτύρως
976 1013 1043 1078 ἂν
1090 1013 1345 1102 ἵπραξεν]
1378 1015 1514 1078 ἀλλ’
1543 1016 1661 1078 οὖδὸ
1707 1016 1834 1102 πρὸς
1881 1015 2059 1080 ἄλλον
2101 1021 2204 1082 οὐδ’
2235 1045 2302 1082 αν
2349 1021 2423 1094 είς

217 1097 435 1178 οὐδένα,
465 1109 703 1166 τοιοῦτον
732 1102 1127 1186 συνάλλαγμα
1154 1099 1702 1186 ποιούμενος-869,
1733 1121 1838 1170 20.
1896 1108 1974 1184 μὴ
2005 1101 2086 1167 ἔτι
2116 1112 2306 1168 τοῦτον
2327 1107 2422 1170 τὸν

214 1185 447 1272 τρόπον,
473 1189 611 1251 ἀλλ’
641 1189 759 1251 οὐδὲ
793 1191 942 1270 μετὰ
980 1186 1273 1275 μαρτύρων
1310 1187 1461 1273 869,
1499 1207 1600 1270 17.
1686 1192 1765 1268 μὴ
1809 1185 1890 1253 ὅτι
1935 1191 2090 1271 ἐμοὶ,
2121 1190 2422 1278 [aequales

214 1273 399 1356 sunt]
436 1274 572 1337 ἀλλ’
605 1275 723 1336 οὐδὲ
751 1273 941 1356 σφίσιν
978 1275 1163 1348 αὐτοῖς
1200 1273 1348 1358 851,
1385 1293 1485 1356 19.
1555 1293 1706 1356 900,
1738 1293 1841 1360 23.
1913 1295 2061 1360 911,
2099 1296 2196 1360 19.
2264 1280 2416 1386 9²56,

216 1375 321 1442 23.
416 1361 497 1438 μὴ
535 1356 617 1421 ὅτι
660 1362 914 1438 βελτίους
952 1357 1109 1432 ὄντας
1146 1360 1359 1423 τούτου.
1406 1356 1475 1422 id
1517 1373 1610 1423 est
1647 1359 1738 1422 ’ἵνα
1776 1366 1854 1442 μὴ
1899 1359 2053 1440 εἴπω,
2101 1361 2182 1426 ὅτι
2226 1387 2420 1429 τουτου

211 1441 482 1521 βελτίους
510 1443 698 1526 ἐσμέν.
743 1443 809 1508 id
838 1459 953 1522 est,
982 1443 1185 1509 multo
1211 1444 1434 1532 magia,
1464 1445 1563 1508 vel
1593 1461 1832 1532 quanto
1858 1447 2056 1535 magis
2091 1468 2280 1535 1343,
2316 1469 2419 1532 14.

216 1531 301 1592 In
330 1527 445 1592 illo
469 1543 699 1596 vexato
723 1528 861 1596 loco
888 1554 955 1618 p.
976 1545 1131 1616 527,
1162 1550 1261 1598 20.
1334 1535 1411 1614 μὴ
1441 1553 1569 1596 non
1599 1531 1932 1612 redundat,
1963 1549 2038 1599 ut
2067 1533 2265 1600 visum
2291 1534 2417 1601 fuit

215 1613 533 1701 Tayloro,
560 1617 673 1682 sed
700 1616 801 1682 vel
829 1618 1239 1682 necessarium
1279 1639 1534 1704 quoque
1576 1631 1691 1698 est,
1731 1632 1795 1683 et
1837 1619 1922 1685 sic
1964 1620 2418 1708 accipiendum,

210 1724 287 1766 ac
316 1701 371 1764 si
402 1701 743 1790 scripsisset
768 1717 993 1768 orator.
1042 1707 1100 1767 οὖ
1128 1702 1288 1784 μόνον
1326 1703 1547 1790 φανερός
1593 1707 1716 1768 ἔστι
1757 1709 1834 1787 μὴ
1876 1709 2000 1788 μετ’
2041 1711 2208 1794 ὄςγῆς
2239 1734 2282 1771 σι·
2315 1707 2418 1772 {rr-

212 1813 349 1852 των.
378 1809 493 1852 seu
516 1793 577 1852 οὐ
601 1789 761 1871 μόνον
785 1787 1035 1871 φαίνεται
1062 1793 1139 1872 μὴ
1166 1791 1290 1870 μετ’
1314 1793 1475 1888 ὀργῆς
1501 1795 1662 1853 τοῦτο
1690 1816 1871 1876 πεπρα
1923 1793 2014 1865 ὥς.
2059 1815 2184 1858 non
2215 1817 2284 1858 so
2307 1817 2416 1858 um

212 1885 465 1938 constat
494 1897 637 1939 eum
676 1875 796 1940 hoc
840 1897 967 1940 non
1004 1874 1219 1939 fecisse
1244 1896 1359 1962 per
1386 1875 1795 1956 iracundiam,
1824 1878 1845 1941 i
1921 1879 2094 1976 quod
2123 1878 2417 1945 tolerabi-

210 1957 341 2023 lius
382 1959 573 2038 foret,
616 1961 727 2026 sed
769 1983 883 2049 per
930 1983 1165 2026 meram
1209 1960 1587 2048 superbiam,
1632 1963 2093 2045 contumellam,
2131 1965 2418 2074 petulan-

216 2043 565 2128 tiam.=p.v)
613 2045 695 2112 ὅτι
754 2049 867 2112 AE.
912 2065 1019 2132 77,
1048 2049 1323 2133 31.=p.r⁸1
1360 2047 1465 2112 ὅτι.
1537 2047 1654 2134 ἐγῶ
1697 2050 1754 2112 δὲ
1799 2053 1878 2133 μὴ
1928 2049 2008 2114 ὅτι
2055 2057 2186 2138 ὑπερ
2235 2049 2417 2118 ἄλλου

218 2131 317 2214 (id
362 2145 459 2198 est
500 2137 579 2213 μὴ
620 2137 749 2219 ἐρῶ,
789 2131 867 2197 ὅτι
912 2138 1021 2219 οὐχ
1070 2135 1201 2219 ὑπὲρ
1246 2132 1455 2219 ἄλλου)
1487 2136 1623 2198 ἀλλ’
1671 2137 1786 2199 οὐδὲ
1838 2136 1968 2221 ὑπὲρ
2013 2141 2254 2220 §aaaron
2303 2139 2418 2202 mii-

213 2242 351 2280 ποτε
384 2216 535 2295 δίκην
566 2219 702 2282 ἰδίαν
740 2217 929 2304 εἴρηκα
958 2221 1015 2282 I.
1050 2234 1155 2305 79,
1188 2221 1251 2283 8.
1323 2223 1402 2303 μὴ
1446 2218 1530 2283 ὅτι
1573 2220 1728 2304 γε’νος
1772 2221 1925 2306 εἶχον
1966 2221 2187 2303 ἄμεινον
2229 2228 2416 2305 εἰπεῖν,

214 2307 382 2367 ἀλλὰ
440 2305 538 2367 καὶ
592 2303 697 2383 ἔξω
744 2312 841 2382 τῆς
886 2305 1233 2403 ἀγχιστείας
1280 2304 1543 2386 ἐφαίνοντ’
1590 2305 1659 2369 ἂν
1703 2305 1868 2381 ὄντες.
1957 2330 2080 2372 non
2142 2324 2417 2373 tantum-

214 2387 413 2453 modo
470 2389 727 2456 titulum
782 2391 1167 2478 cognationis
1222 2391 1526 2479 potiorem
1583 2414 1712 2457 non
1762 2393 2124 2459 habuissent
2174 2393 2419 2477 afferre,

216 2473 333 2538 sed
376 2475 749 2542 constitisset
784 2477 942 2543 adeo
970 2500 1249 2564 quoque,
1279 2500 1384 2542 eos
1420 2501 1500 2542 ne
1535 2493 1832 2565 cognatos
1867 2480 2124 2566 quidem
2161 2503 2420 2568 prorsus

212 2583 351 2624 ωδε
382 2562 491 2644 87,
516 2581 573 2628 2.
634 2563 745 2627 ubi
770 2587 947 2651 roge,
980 2585 1125 2650 quoe
1152 2563 1471 2644 festinans,
1503 2563 1854 2651 proditione
1879 2566 2156 2652 quadam
2185 2589 2417 2632 memo-

212 2646 332 2710 riae
360 2646 685 2736 deceptuS,
716 2649 798 2714 de
828 2655 927 2715 οὐκ
954 2649 1409 2737 interponendo
1438 2663 1669 2714 temere
1695 2650 1850 2730 dixi,
1881 2667 1956 2717 ut
1980 2651 2414 2736 obliterentur,

212 2749 285 2796 et
313 2756 435 2820 pro
462 2755 589 2798 non
618 2735 861 2824 scriptis
885 2734 1253 2801 habeantur.
1306 2735 1906 2802 Animadvertebam
1935 2739 2222 2825 protinus
2249 2763 2416 2804 erro-

214 2841 353 2883 rem
382 2819 593 2887 adhuc
618 2835 907 2887 currente
933 2821 1131 2909 prelo,
1160 2822 1322 2887 inter
1346 2821 1784 2910 corrigendum
1813 2825 2072 2890 mendas
2103 2824 2274 2910 illius
2300 2849 2415 2913 pa-

210 2906 413 2992 ginoe,
442 2907 553 2972 sed
596 2929 754 2974 sero.
840 2907 1179 2996 Ejusmodi
1212 2908 1373 2972 enim
1410 2907 1690 2996 lapsibus
1715 2909 2028 2976 festinatio
2053 2925 2118 2976 et
2145 2911 2416 2999 pet-tina.

212 2991 317 3056 cia
360 2993 830 3081 typothetarum
878 3017 1001 3058 non
1044 2994 1328 3082 ignoscit,
1373 3017 1580 3083 neque
1637 2997 2132 3084 reprehendendi
2171 2997 2416 3062 veniam

214 3077 355 3143 dat.
445 3081 651 3145 Semel
693 3081 923 3168 scripta
964 3103 1211 3146 necesse
1252 3095 1367 3160 est,
1407 3097 1481 3147 ut
1521 3097 1832 3164 maneant,
1861 3097 2002 3171 post
2045 3107 2193 3149 uam
2227 3082 2414 3149 semel

212 3164 509 3230 formulis
534 3167 833 3232 mandata
858 3179 1045 3243 sunt;
1090 3167 1157 3232 id
1186 3168 1358 3254 quod
1388 3189 1676 3266 magnam
1721 3183 1886 3234 creat
1931 3193 2038 3235 mo
2057 3169 2274 3234 entiam
2301 3170 2416 3234 ho-

214 3249 373 3314 mini
400 3251 649 3318 literato
674 3255 767 3319 ita
792 3253 1129 3342 trepidanti
1170 3267 1235 3319 et
1276 3255 1550 3332 sudanti,
1629 3255 1760 3320 nasi
1801 3255 2050 3343 flagello
2093 3268 2411 3342 urgeatur.

218 3337 497 3425 Iniquus
532 3355 599 3404 et
631 3339 1013 3406 inhumanus
1054 3339 1157 3420 sit,
1186 3340 1297 3427 qui
1330 3341 1478 3405 talia
1505 3279 1707 3422 nugis,
1735 3341 1884 3428 ipsis
1912 3341 2412 3440 deprecantibus,

216 3421 376 3488 vitio
418 3439 643 3506 vertat,
674 3450 966 3515 saevoque
1010 3424 1152 3492 stilo
1194 3439 1393 3507 notet,
1424 3449 1550 3490 non
1593 3450 1672 3491 ex
1714 3427 2066 3514 ignorantia
2103 3440 2274 3506 nata,
2305 3425 2416 3490 sed

214 3509 621 3579 distractione
646 3514 921 3601 quadam
950 3512 1176 3578 mentis
1198 3513 1374 3578 aliud
1402 3511 1643 3624 agentis
1680 3527 1746 3578 et
1787 3512 2196 3601 trepidatione
2223 3535 2414 3577 ruen-

216 3595 471 3662 tia.=od
499 3601 701 3685 νομίζει
729 3603 942 3681 ἑαυτὸν,
972 3605 1049 3684 μὴ
1080 3599 1161 3664 ὅτι
1198 3607 1510 3665 Πλαταιεα
1543 3599 1700 3679 εἶναι,
1731 3602 1864 3664 ἄλλ’
1895 3602 1998 3664 οὐδ’
2029 3597 2298 3686 ἐλεύθερον
2328 3599 2412 3666 L.

222 3685 305 3747 16
452 3697 515 3752 2.

302 3703 535 3854 2:182*
560 3776 827 3856 μηδαμῶς
854 3779 951 3838 τοῦ
979 3772 1316 3858 πράγματος
1344 3773 1520 3859 ἔγγὺς
1553 3771 1714 3857 [scil.
1745 3771 1956 3860 ὄντας]
1993 3791 2022 3836 1
2039 3791 2062 3836 1
2081 3791 2183 3857 13,
2215 3772 2274 3836 8.

306 3855 349 3918 ἃ,
376 3799 685 3943 *μηδαμῶς
710 3858 848 3945 ᾔδειν
877 3862 953 3924 A.
991 3861 1138 3944 138,
1173 3878 1271 3923 10.

305 3944 517 4054 μηδεὶς)
566 3950 613 4009 εί
638 3947 803 4028 μηδὲν
830 3953 939 4009 τῶν
964 3944 1269 4030 γενομένων
1302 3948 1648 4032 μαρτυροῖεν.
1691 3941 1762 4008 id
1790 3957 1886 4008 est
1913 3943 1964 4008 εἴ
1996 3971 2050 4007 τι
2091 3946 2416 4029 μαρτυροῖεν

214 4036 329 4092 τῶν
356 4032 631 4111 μηδεποτε
668 4032 969 4116 γενομένων
1019 4051 1208 4116 1033,
1245 4053 1303 4095 1.
1391 4029 1573 4109 βίαιον
1603 4032 1700 4094 καὶ
1730 4033 1990 4114 ὑβριστὴν
2018 4027 2288 4114 ἄνθρωπον
2317 4029 2414 4092 καὶ

212 4113 425 4198 μηδένα
466 4119 777 4200 μηδαμόθεν
826 4117 1059 4182 nullius
1100 4116 1286 4203 pretii
1328 4116 1667 4196 hominem,
1698 4115 1873 4180 nullo
1903 4115 1970 4178 in
2013 4115 2149 4178 loco
2184 4114 2418 4179 haben-

216 4202 401 4284 dum,
446 4226 827 4291 quocunque
875 4204 1129 4269 tandem
1158 4214 1357 4314 'pacto
1395 4205 1550 4288 562,
1583 4200 1974 4288 23.πμηὸένα
2027 4207 2138 4264 τῶν
2195 4205 2250 4262 ἐν
2301 4207 2420 4278 ἡλι-

218 4288 323 4374 κίᾳ
366 4287 476 4354 AE.
528 4309 596 4370 2,
642 4306 749 4378 35.
834 4293 1000 4373 μηδὲν
1050 4293 1231 4377 &xi-svp
1276 4289 1461 4368 αὐτὸς,
1513 4291 1648 4353 ἀλλ’
1695 4286 1870 4375 ἔτερος
1913 4287 2044 4373 ὑπὲρ
2096 4289 2268 4350 αὐτοῦ
2311 4305 2418 4364 11,

226 4390 331 4460 15.
420 4380 679 4462 περιεῖναι
708 4381 861 4464 αὐτῷ
888 4377 1055 4459 μηδὲν
1081 4375 1216 4442 ἄλλ’
1246 4375 1279 4454 ἢ
1306 4379 1412 4452 τὰς
1450 4375 1728 4462 αἰσχύνας
1757 4391 1865 4455 22,
1898 4373 1958 4440 8.
2049 4373 2232 4438 ίκανδν
2256 4370 2420 4455 μηὸἶν

1220 4484 1267 4528 Ν
1302 4485 1347 4526 n
1372 4481 1417 4544 4
