2975 4967
539 227 669 311 560
1493 221 1806 287 INDEX

542 417 649 478 41.
740 393 1027 478 νομοθέτας
1071 391 1387 480 ὅπιγράφειν
1424 413 1535 478 59,
1573 411 1673 460 12.
1761 389 2049 474 νομοθέτας
2091 391 2552 456 constituebant
2593 414 2762 480 pry-

545 497 742 560 tanea,
774 480 885 568 qui
914 479 1082 566 leges
1106 480 1269 544 inter
1312 502 1377 544 se
1420 502 1508 567 pu
1597 493 1774 543 antes
1813 492 1928 542 aut
1969 475 2121 542 alias
2161 475 2412 542 inutiles
2455 477 2762 544 tollerent

546 585 659 656 59,
698 585 799 632 12.
836 565 1305 648 18.-;νομοθέτης
1348 565 1512 649 γενέσ
1543 593 1602 630 αι
1647 565 1720 628 σὺ
1761 564 1920 645 μόνος
1945 564 2279 646 ,ὂτόλμησας
2323 566 2413 628 Α.
2453 585 2602 651 131,
2637 583 2752 631 12.

544 661 694 736 ὑπογ
726 653 1017 734 αμματεὺς
1060 659 1168 716 τῶν
1210 651 1558 733 *νομοθετῶν
1591 665 1735 734 145,
1769 650 2245 732 26.=vop.ooe'm
2289 649 2396 714 alii
2436 673 2478 714 a
2519 665 2754 716 senatu

544 740 684 826 lege
810 751 936 815 tur,
970 759 1231 802 numero
1272 735 1754 824 quinquaginta,
1785 733 1890 799 alii
1931 757 1972 798 a
2011 735 2218 821 plebe,
2261 759 2524 801 numero
2559 737 2760 825 quin-

547 824 720 914 genti
747 825 881 888 An.
918 843 1021 902 11,
1052 840 1155 907 27.
1184 828 1457 908 30..τμ.ὴ
1487 825 1649 905 μόνον
1679 824 1975 900 δικαστὰς,
2005 825 2168 884 ἀλλὰ
2198 823 2294 884 καὶ
2325 823 2618 902 νομοθέτας
2643 828 2758 887 αὖ-

544 915 671 986 τοὺς
698 910 953 996 γενέσθαι
983 909 1063 972 L.
1101 928 1245 994 139,
1274 927 1383 989 41.
1476 909 1597 972 ἀντὶ
1628 907 1880 980 Σόλωνος
1911 907 2192 986 νομοθέτην
2221 906 2383 971 αὑτδν
2423 910 2752 986 κατέστησε

550 997 698 1084 183,
726 1015 825 1077 14.
890 1001 938 1059 oi
968 997 1067 1075 μὲν
1096 993 1350 1082 πρόγονοι
1380 992 1668 1076 νομοθέτας
1695 995 1910 1078 ᾑροῦντο
1940 992 2176 1058 Σόλωνα
2205 995 2300 1056 καὶ
2331 996 2753 1072 Θεμιστοκλέα

546 1085 643 1146 καὶ
685 1079 993 1168 Περικλέα.
1070 1084 1219 1163 ὑμεῖς
1265 1081 1319 1143 δὲ
1361 1081 1674 1162 Τισαμενὸν
1719 1079 1814 1142 καῖ
1865 1077 2221 1164 Νικόμαχον,
2265 1079 2570 1162 ἀνθρώπους
2615 1085 2754 1145 ὕπο-

544 1165 921 1255 γραμματέας
956 1165 1101 1243 186,
1135 1167 1411 1314 78.=·np?›5
1438 1169 1542 1239 τοὶς
1580 1171 1688 1228 τῶν
1731 1163 1987 1250 ἀρχαίων
2023 1165 2312 1246 νομοθετῶν
2339 1165 2574 1241 διανοίας
2604 1169 2751 1230 ἀτο-

590 1252 773 1318 λέπειν
806 1253 865 1316 L
920 1299 935 1314 .
974 1271 998 1314 ῐ
1054 1253 1094 1316 6
1196 1300 1209 1313 .

545 1257 589 1335 β
633 1338 813 1435 νόμος]
864 1275 930 1400 iii
974 1266 1411 1424 piteiiicatione
1452 1335 1690 1424 legum,
1731 1337 1848 1402 hoc
1891 1349 1982 1402 est
2016 1336 2202 1424 juriS,
2247 1335 2374 1402 sive
2417 1337 2746 1418 naturalia,

544 1424 673 1490 sive
703 1423 938 1510 scripti,
968 1421 1097 1486 sive
1124 1423 1261 1509 ejus
1287 1422 1510 1501 omnia,
1539 1423 1714 1510 quod
1739 1437 1908 1488 recte
1934 1435 1998 1488 et
2024 1423 2242 1488 ordine
2269 1425 2364 1504 fit,
2389 1447 2570 1512 paene
2611 1439 2752 1490 tota

544 1522 829 1574 versatur
866 1508 1065 1573 oratio
1101 1507 1167 1572 in
1203 1509 1700 1596 Aristogitonem
1743 1508 2037 1575 secunda.
2111 1513 2218 1583 πῶς
2248 1515 2275 1572 ὅ
2303 1519 2412 1574 τῶν
2448 1510 2750 1596 ἀνθρώπων

544 1594 916 1676 βίος-Φύσει
948 1595 1044 1658 καὶ
1074 1594 1249 1676 νόμοις
1278 1597 1558 1659 διοικεῖται
1584 1613 1732 1679 774,
1758 1596 1822 1660 6.
1893 1601 2006 1669 mi,
2036 1598 2158 1660 ἐστὶ
2187 1594 2344 1676 νὸμος
2385 1595 2597 1678 εὕρημα
2640 1598 2749 1678 μὶν

544 1681 642 1746 καὶ
684 1683 843 1766 δῶρον
887 1681 1037 1758 θεῶν,
1067 1681 1255 1764 δόγμα
1284 1682 1338 1744 δὲ
1366 1681 1654 1765 ἀνθρώπων
1693 1680 1958 1768 φρονίμων
1991 1695 2138 1765 774,
2175 1681 2274 1746 18.
2362 1679 2474 1761 ἀρά
2501 1708 2585 1756 τις
2613 1687 2750 1763 ἡμῖν

544 1769 731 1840 λοιπὸς
774 1766 930 1847 νόμος
978 1765 1166 1848 (conf.
1208 1766 1437 1854 scripta
1482 1767 1602 1830 sub
1645 1789 1704 1830 v.
1747 1765 1970 1853 λόγος).
2050 1768 2248 1830 πολλοὶ
2297 1775 2406 1830 τῶν
2451 1768 2749 1845 Ἑλλήνων

542 1851 820 1925 πολλάκις
851 1852 986 1915 εἰσὶν
1015 1851 1371 1934 ἐψηφισμένοι
1413 1857 1525 1926 τοῖς
1570 1852 1746 1934 νόμοις
1771 1853 2017 1938 χρῆσθαι
2047 1856 2158 1926 τοῖς
2189 1852 2463 1934 ὑμετέροις
2493 1854 2646 1937 765,
2677 1855 2746 1916 6.

544 1937 669 2011 τοὺς
698 1936 887 2019 νόμους
919 1937 1091 2001 ἔθεσθε
1129 1941 1231 2022 πρὸ
1274 1946 1380 2002 τῶν
1418 1937 1795 2020 ἀδικημάτων,
1829 1939 1910 2000 ἐπ’
1951 1938 2168 2012 ἀδήλοις
2211 1942 2324 2011 τοῖς
2367 1938 2748 2018 ἀδικῆσουσιν,

540 2023 762 2098 ἀδήλοις
806 2023 861 2085 δὲ
902 2027 1015 2096 τοῖς
1052 2023 1538 2103 ἀδικηθησομένοις.
1611 2023 1762 2088 citat
1792 2021 1979 2087 schol.
2013 2025 2324 2110 Hermog.
2353 2047 2422 2109 p.
2457 2023 2558 2086 88.
2633 2022 2745 2087 τόθ’

544 2111 695 2188 ὑμεῖς
741 2108 862 2182 τοὺς
906 2107 1093 2190 νόμους
1139 2109 1345 2194 ἔχοντά
1386 2136 1459 2188 με
1504 2110 1736 2185 πλησίον
1780 2109 2001 2192 ἡγεῖσθε
2047 2111 2392 2194 παρεστάναι
2435 2125 2588 2194 575,
2637 2123 2742 2193 15.

547 2193 792 2274 νόμισμα
820 2197 914 2268 τῆς
944 2193 1153 2267 πόλεως
1185 2199 1210 2256 ὁ
1240 2194 1395 2276 νόμος
1427 2196 1576 2277 766,
1599 2213 1665 2275 4.
1753 2193 1852 2258 lex
1885 2206 1978 2259 est
2007 2193 2127 2258 alia
2156 2193 2478 2272 naturaliS,
2506 2194 2630 2258 alia
2657 2196 2746 2258 ci-

541 2277 701 2354 vilis,
735 2300 843 2340 seu
874 2277 1122 2364 scripta.
1212 2283 1269 2342 οὖ
1298 2279 1455 2358 μόνον
1495 2284 1649 2366 παρὰ
1684 2279 1776 2342 τὸν
1814 2277 2206 2364 γεγραμμένον
2237 2279 2415 2361 νόμον,
2447 2284 2612 2344 ἀλλὰ
2641 2281 2742 2343 καὶ

541 2368 696 2446 παρὰ
726 2365 817 2426 τόν
846 2367 1016 2426 κοινὸν
1054 2365 1312 2427 ἁπάντων
1352 2365 1638 2450 ἀνθρώπων
1682 2371 1837 2446 νόμον
1867 2369 2016 2450 639,
2052 2383 2155 2430 22.
2244 2372 2294 2428 οἶ
2323 2363 2470 2448 νόμοι
2499 2365 2744 2430 τίθενται

542 2450 682 2512 δυοῖν
711 2448 890 2526 ἕνεκα,
924 2462 996 2513 ut
1025 2449 1270 2536 injuriae
1298 2462 1363 2515 et
1393 2449 1866 2538 prohibeantur,
1887 2465 1952 2515 et
1980 2473 2198 2538 poenas
2218 2449 2611 2534 dent—774,
2635 2466 2742 2536 25.

544 2531 689 2618 εἴπερ
720 2539 769 2598 οἶ
798 2533 945 2614 νόμοι
975 2535 1171 2611 πάντες
1203 2541 1301 2598 τοῦ
1332 2535 1540 2601 δικαίου
1572 2535 1728 2599 ἕνεκα
1761 2537 1856 2600 καὶ
1886 2542 1980 2612 τῆς
2015 2545 2122 2602 τῶν
2154 2547 2423 2623 χρηστῶν
2461 2537 2746 2621 σωτηρίας

541 2620 777 2684 τίθενται
816 2620 1003 2699 1480,
1034 2640 1129 2705 19.
1208 2619 1344 2694 ὅλως
1372 2623 1519 2684 οὐδὲν
1547 2619 1670 2686 οὔτε
1699 2622 1916 2700 σεμνὸν,
1949 2621 2071 2684 οὔτε
2101 2624 2390 2687 σπουδαῖον
2419 2623 2742 2709 εὖςῆσομεν,

541 2701 571 2766 δ
598 2708 675 2786 μὴ
702 2703 865 2786 νόμου
894 2706 1271 2782 κεκοινώνηκεν
1304 2707 1451 2787 808,
1488 2709 1586 2770 16.
1675 2707 1768 2769 τὸν
1811 2705 1934 2770 ὅλον
1975 2705 2422 2788 κὸσμον-νόμος
2454 2708 2551 2770 καὶ
2577 2709 2746 2786 τάξις

541 2791 752 2853 διοικεῖν
774 2789 1023 2870 φαίνεται
1046 2789 1195 2870 808,
1223 2793 1323 2855 18.
1364 2792 1708 2878 opponitur
1727 2791 2181 2857 consuetudini.
2227 2795 2292 2856 τὸ
2315 2793 2422 2866 ἔθος
2445 2791 2603 2874 νόμον
2617 2818 2746 2856 ποι-

538 2877 632 2936 εῖν.
695 2875 1210 2940 consuetudinem
1238 2874 1562 2964 vulgarem
1587 2878 1650 2942 in
1674 2877 1802 2942 vim
1828 2877 1984 2966 legis
2011 2877 2364 2943 transferre.
2383 2877 2450 2942 h.
2473 2902 2528 2942 e.
2559 2878 2743 2964 quod

539 2959 981 3038 existimarem,
1022 2960 1105 3026 ab
1147 2963 1437 3026 omnibus
1479 2963 1652 3049 quod
1695 2964 1894 3043 fieret,
1935 2963 2180 3029 nemine
2219 2962 2740 3074 reprehendente,

539 3043 607 3110 id
638 3044 896 3131 perinde
928 3046 1133 3110 valere
1158 3061 1349 3134 atque
1378 3047 1578 3136 legem
1609 3049 1900 3161 scriptam
1928 3069 2081 3132 414,
2116 3051 2177 3114 8.
2245 3076 2420 3132 νομοις
2449 3053 2611 3114 οἰκεῖν
2639 3054 2742 3128 τὴν

541 3137 770 3194 ἑαυτῶν.
834 3131 1025 3217 juxta
1052 3131 1219 3220 leges
1248 3135 1397 3218 665,
1432 3151 1538 3217 27.
1617 3134 1674 3198 δν
1704 3163 1772 3198 αν
1801 3137 1963 3209 αὐτὸς
1993 3135 2230 3210 ἕκαστος
2266 3135 2423 3218 νόμον
2465 3141 2532 3221 τῇ
2577 3135 2742 3216 φύσει

540 3217 696 3291 δῆλος
726 3213 761 3302 ᾗ
790 3217 909 3280 καθ’
939 3217 1133 3300 ἑτέρων
1161 3218 1328 3304 ἔχων,
1358 3220 1553 3284 τούτου
1591 3221 1897 3307 τυγχάνειν
1935 3225 2066 3308 παρ’
2095 3222 2337 3286 ἑκάστου
2374 3219 2578 3294 δίκαιὸς
2613 3223 2740 3283 ἔστι

540 3301 639 3364 καὶ
667 3299 852 3376 αὐτός.
897 3323 972 3366 as
997 3325 1084 3368 we
1106 3314 1270 3369 creat
1297 3306 1525 3384 others,
1559 3307 1659 3371 the
1677 3328 1849 3372 same
1871 3316 2203 3372 treatment
2221 3317 2391 3372 must
2413 3328 2500 3370 we
2517 3315 2742 3393 expect

508 3388 705 3472 from
729 3387 922 3462 them,·
950 3391 1083 3454 and
1103 3391 1173 3454 be
1192 3401 1439 3457 content
1466 3393 1786 3458 therewith
1816 3409 1967 3476 794,
2004 3412 2104 3474 14.
2150 3391 2238 3466 οὓς
2267 3392 2336 3454 ἂν
2363 3393 2501 3456 ἑλών
2529 3419 2616 3465 τις
2633 3417 2742 3455 πο-

538 3472 713 3556 λέμου
744 3473 889 3560 νόμῳ
920 3497 1035 3562 pro
1066 3498 1257 3556 more,
1290 3477 1389 3542 vel
1408 3478 1557 3564 jure
1585 3477 1752 3557 belli,
1782 3491 1972 3564 prout
2000 3476 2066 3542 in
2093 3477 2272 3544 bellis
2298 3477 2433 3542 fieri
2465 3476 2642 3554 solet,
2673 3491 2744 3542 et

535 3556 633 3622 fas
660 3576 754 3623 est
776 3580 887 3639 41,
918 3583 1064 3646 pen.
1108 3561 1257 3645 νὸμοι
1278 3562 1465 3638 αὶκίας
1499 3562 1591 3648 [id
1612 3578 1706 3628 est
1731 3565 1850 3648 περ)
1873 3565 2087 3648 αἰκίας]
2111 3579 2174 3629 et
2194 3565 2420 3644 βλάβης
2445 3577 2598 3648 325,
2629 3583 2738 3712 13.

539 3643 826 3718 διαιτητῶν
853 3663 1009 3729 544,
1046 3667 1146 3731 13.
1188 3663 1344 3734 545,
1379 3668 1438 3716 2.
1513 3649 1815 3734 έπικλῆρων
1846 3665 1994 3734 979,
2025 3672 2167 3736 pen.
2237 3649 2584 3736 ἑταιρῆσεως.
2701 3671 2740 3712 e

538 3726 941 3794 fornicatione
984 3747 1140 3834 599,
1186 3753 1287 3812 24.
1377 3737 1701 3798 λωποδυτῶν
1750 3737 1938 3816 1264,
1991 3755 2088 3799 11.
2178 3733 2382 3822 ὕβρεως
2424 3752 2510 3821 52
2513 3747 2578 3819 5,
2629 3754 2737 3818 13.

547 3815 734 3893 1264,
772 3833 869 3878 10.
959 3840 1115 3896 νομος
1159 3820 1397 3902 αἰσχρὸς
1442 3819 1572 3882 ’ὅταν
1616 3819 1794 3906 κύριος
1835 3817 1888 3904 ᾖ,
1934 3821 2153 3896 ἀπάσης
2182 3827 2278 3897 τῆς
2305 3818 2512 3894 πόλεως
2545 3819 2743 3896 ὄνειδός

538 3901 690 3959 ἐστιν
720 3899 871 3980 764,
906 3918 959 3962 2.
1050 3901 1277 3964 θάνατον
1296 3904 1506 3984 ’ζημίαν
1535 3907 1808 3992 ὡρικέναι,
1841 3905 1934 3968 ἐάν
1961 3931 2044 3979 τις
2074 3905 2232 3988 νὸμον
2261 3910 2360 3970 οὐκ
2391 3904 2522 3970 ὄντα
2549 3905 2740 3989 παρά-

537 4007 754 4066 σχηται
788 3984 937 4068 807,
970 3984 1083 4050 ult.
1172 3993 1220 4051 οἶ
1250 3990 1456 4072 πονηροὶ
1500 3988 1647 4070 νόμοι
1688 3992 2012 4070 βλάπτουσι
2039 3995 2141 4066 τοὶς
2169 3996 2441 4070 ἀσφαλῶς
2468 3994 2631 4055 οίκεῖν
2657 3995 2743 4054 οἲ-

538 4068 735 4165 ομένας
763 4067 948 4144 πόλεις
974 4089 1128 4154 471,
1164 4091 1267 4158 25.
1354 4076 1660 4158 τυγχάνειν
1703 4083 1812 4140 τῶν
1856 4075 2050 4157 νόμων,
2083 4100 2193 4142 seu
2237 4075 2536 4142 beneficio
2575 4075 2742 4163 legis

534 4167 744 4238 potm,
776 4177 884 4219 seu
915 4179 1103 4244 poena
1130 4157 1410 4244 legitima
1434 4159 1612 4226 affici.
1679 4161 1934 4250 adipisci
1962 4185 2057 4242 ea,
2089 4187 2234 4249 quae
2253 4163 2364 4249 jus
2391 4162 2572 4227 civile
2601 4160 2742 4228 cui-

535 4259 663 4322 que
706 4260 822 4323 pro
862 4242 999 4328 ejus
1040 4243 1262 4308 merito
1304 4245 1528 4312 tribuit
1577 4248 1761 4326 1081,
1797 4263 1897 4356 15.
1984 4253 2283 4334 ἀγαπῶσιν
2325 4253 2474 4330 ἡμῖν,
2515 4249 2610 4312 ἐάν
2645 4275 2740 4324 τις

536 4325 681 4402 ἡμᾶς
720 4327 787 4409 ἐᾷ
823 4335 929 4390 τῶν
967 4327 1139 4408 νόμων
1176 4329 1269 4414 [id
1307 4345 1400 4395 est
1440 4339 1548 4396 τῶν
1576 4335 1628 4396 ἐν
1659 4337 1768 4408 τοῖς
1795 4359 1970 4416 νομοις
2000 4334 2388 4422 τεταγμένων]
2417 4361 2454 4398 τ
2583 4334 2738 4398 άνειν

540 4407 727 4495 1089,
765 4427 861 4479 12.
950 4415 1066 4477 οὐδὲ
1094 4419 1211 4502 γὰρ
1242 4419 1294 4479 ἐν
1320 4423 1402 4503 τῷ
1438 4420 1586 4505 νόμῳ
1621 4418 1740 4483 ἔστι
1781 4445 1894 4486 σοι.
1982 4418 2117 4486 haec
2158 4420 2420 4490 foemina
2507 4443 2542 4486 e
2575 4421 2736 4508 jure
