2975 4967
536 262 664 347 556
1468 257 1785 324 INDEX
1839 305 1850 312 ·
1923 289 1934 300 =

630 431 771 522 νέος]
800 433 930 517 πρὸς
957 432 1083 506 τοὺς
1110 430 1392 519 νεωτέρους
1419 437 1528 493 τῶν
1557 429 1912 514 πραγμάτων
1937 427 2352 492 ἀπολύσασθαι.
2433 427 2751 515 juniores,

540 539 733 606 quam
764 540 839 581 ea
866 531 1013 581 sunt
1038 531 1197 596 acta,
1226 518 1307 582 de
1333 515 1568 604 quibus
1595 514 1995 579 contenditur
2025 532 2173 594 242,
2213 527 2308 598 15.
2383 520 2432 578 οἱ
2475 513 2578 578 νέοι
2621 521 2754 600 γὰρ

544 608 673 686 ὑμῖν
700 605 764 667 δι’
794 607 987 666 ἐκεῖνον
1016 605 1108 666 τὸν
1134 607 1331 689 ἀγῶνα
1362 605 1579 666 ἔσονται
1605 600 1860 680 βελτίους
1886 619 2038 686 432,
2073 617 2181 679 24.
2255 599 2511 683 λόγισαι,
2541 603 2614 674 ὥς
2645 603 2752 664 καὶ

545 693 619 754 σὺ
639 688 795 752 *τότ’
814 687 955 766 ἦσθα
976 687 1106 765 νέος,
1132 692 1225 753 καὶ
1248 693 1343 767 τὴν
1372 687 1591 767 ἡλικίαν
1620 686 1794 771 εἶχες,
1813 687 1873 764 ἢν
1897 691 2046 766 ἡμεῖς
2069 691 2156 748 νῦν
2187 703 2375 770 1490,
2396 704 2580 768 24.ε
2595 685 2752 765 ἔνιοι,

546 775 650 840 νέοι
682 774 847 854 ὄντες,
876 779 1150 860 προφερεῖς
1180 775 1277 838 καὶ
1303 774 1664 862 πρεσβύτεροι
1693 771 1972 852 φαίνονται
2003 771 2117 836 AE.
2147 783 2212 853 7,
2239 790 2347 856 35.
2404 771 2617 858 τέχνας
2637 781 2756 837 τῶν

547 861 733 947 λόγων
761 863 884 935 τοὺς
914 861 1056 933 νέους
1086 861 1361 924 διδάσκειν
1396 861 1498 936 16,
1528 879 1636 945 31.
1711 857 1936 943 θηρεύειν
1965 857 2109 932 νέους
2149 855 2444 932 πλουσίους
2487 860 2758 942 ὀρφανοὺς

552 967 658 1028 24,
692 949 793 1015 26.
848 950 925 1011 τοὶ
952 955 1061 1010 τῶν
1090 945 1217 1010 νέων
1253 947 1566 1028 ζηλώματα
1591 947 1673 1007 ἔπ’
1703 947 1897 1028 ἀρετὴν
1923 943 2308 1030 προτρέψασθε
2341 961 2446 1026 27,
2485 962 2589 1028 13.
2661 947 2757 1020 θη-

548 1033 736 1121 ρευταὶ
766 1041 874 1097 τῶν
910 1031 1059 1109 νέων,
1090 1030 1204 1094 ὅσοι
1244 1032 1436 1120 ῥᾳδίως
1474 1031 1808 1095 ἁλίσκονται
1840 1045 1946 1112 27,
1971 1049 2076 1113 29.
2165 1027 2628 1112 ἐπαγγέλλεσθαι
2657 1029 2758 1094 τέέ

544 1145 697 1206 χνας
718 1127 827 1182 τῶν
858 1118 1043 1201 λόγων
1070 1120 1199 1202 πρὸς
1227 1120 1351 1191 τοὺς
1374 1117 1519 1191 νέους
1547 1136 1655 1199 49,
1693 1137 1716 1178 1
1735 1135 1788 1180 1.
1861 1121 1966 1190 τοὶς
2006 1118 2060 1178 ἂν
2085 1118 2197 1188 τοῖς
2235 1115 2566 1199 γυμνασίοις
2597 1121 2754 1194 μετὰ

549 1214 659 1270 τῶν
687 1204 954 1290 νεωτέρων
989 1228 1097 1283 μου
1136 1206 1425 1288 διατριβὰς
1468 1204 1900 1284 καταμέμφεται
1947 1201 2052 1282 84,
2081 1199 2445 1285 4ο.-.-.ἅρξαι
2479 1207 2580 1264 τοῦ
2607 1227 2758 1288 παρ-

554 1294 705 1354 οινεῖν
731 1291 856 1363 τοὺς
886 1288 1167 1374 νεωτέρους
1200 1298 1309 1352 τῶν
1338 1291 1723 1374 πρεσβυτέρων
1751 1285 2014 1371 εἰκότερον
2043 1289 2134 1350 Α.
2172 1303 2316 1368 127,
2349 1305 2456 1352 20.
2543 1290 2756 1350 πολλοὶ

552 1376 655 1440 νέοι
694 1381 1108 1462 σωφρονοῦντες,
1138 1375 1339 1438 πολλοὶ
1379 1375 1433 1436 δὲ
1472 1373 1786 1459 πρεσβύται
1823 1380 2196 1458 παροινοῦντες
2244 1373 2390 1448 128,
2441 1387 2546 1454 17.
2623 1373 2756 1436 νεῶ-

550 1485 703 1545 τερος
754 1459 888 1546 ἐγῶ,
934 1457 966 1537 ἢ
1010 1458 1153 1524 ὥστε
1195 1459 1451 1524 δύνασθαι
1494 1462 1748 1543 τιμωρεῖν
1791 1461 2014 1543 ἐμαυτῷ
2058 1463 2251 1532 ίιιανῶς
2301 1459 2450 1544 138,
2493 1459 2756 1544 38.=a3

553 1554 662 1612 τῶν
706 1546 834 1610 νέων
880 1547 1158 1630 διατριβαὶ
1200 1551 1299 1609 οὐκ
1338 1548 1391 1608 ἐν
1425 1549 1540 1618 τοῖς
1583 1543 1910 1627 γυμνασίοις
1952 1546 2087 1606 ἀλλ’
2132 1545 2187 1606 ἦν
2229 1547 2342 1618 τοῖς
2381 1545 2756 1630 δικαστηρίοις

553 1634 684 1697 An.
715 1651 825 1717 32,
856 1653 917 1716 5.
990 1637 1039 1694 οἶ
1066 1631 1305 1714 νεώτεροι
1336 1633 1732 1714 δημηγοροῦσιν
1760 1648 1868 1717 32,
1896 1651 1962 1711 4.
2032 1629 2357 1709 διαβάλλεις
2383 1630 2508 1703 τοὺς
2547 1631 2751 1696 νεωτὲ·

553 1744 677 1805 ρους
712 1720 841 1805 πρὸς
885 1719 949 1781 τὸ
996 1723 1193 1793 πλῆθος
1235 1716 1590 1798 ἀσελγαίνων
1631 1734 1739 1800 34,
1776 1714 2200 1799 16.;-.νεῶτερα
2236 1713 2560 1800 πράγματα
2599 1719 2658 1777 ἐν
2683 1721 2754 1801 τῇ

552 1805 709 1868 πόλει
748 1804 1001 1887 γενέσθαι
1032 1804 1350 1882 βουλόμενοι
1381 1803 1467 1865 L.
1511 1821 1650 1887 130,
1685 1802 1783 1864 18.
1837 1807 1904 1886 τῇ
1941 1800 2024 1886 ἕνῃ
2063 1801 2162 1864 καὶ
2199 1800 2292 1887 νέα
2327 1803 2472 1883 167,
2505 1803 2562 1864 8.
2623 1803 2758 1876 τοὺς

556 1889 637 1954 ἔτι
668 1890 811 1963 νέους
841 1892 938 1953 καὶ
982 1889 1123 1963 νέαις
1156 1893 1280 1962 ταῖς
1319 1887 1576 1961 διανοίαις
1618 1885 1934 1974 χρωμένους
1969 1887 2113 1970 169,
2142 1886 2251 1972 38.
2341 1885 2592 1971 νεώτερός
2635 1891 2752 1968 εἰμι

553 1982 651 2040 τοῦ
696 1974 1087 2056 συμβουλεύειν
1113 1974 1195 2038 fr.
1226 1976 1290 2055 6,
1317 1994 1379 2059 3.
1468 1971 1920 2058 προσποιούμενος
1949 1971 2060 2046 νέος
2087 1975 2184 2036 καὶ
2211 1970 2470 2046 πλούσιος
2499 1972 2636 2036 εἶναι
2667 1973 2750 2036 fr.

554 2075 665 2146 45,
692 2063 939 2146 5.;-..τὴν
967 2061 1086 2146 περὶ
1114 2062 1237 2134 τοὺς
1262 2060 1405 2134 νέους
1434 2057 1749 2139 ἐπιμέλειαν
1773 2058 1900 2144 Ly.
1927 2059 2072 2134 162,
2098 2078 2204 2143 23.
2249 2057 2412 2121 νέοισι
2435 2058 2597 2122 πάντ’
2619 2058 2753 2120 έπέό

554 2171 670 2210 onte
704 2148 849 2231 163,
890 2165 990 2230 ¹3·
1064 2152 1112 2209 οἱ
1140 2147 1195 2208 δὲ
1225 2144 1374 2209 *νέοι
1401 2149 1477 2207 τὰ
1508 2143 1656 2207 ὅπλα
1689 2161 1834 2230 153,
1859 2143 1962 2210 26.

644 2234 864 2306 νεοσσὸς
895 2232 1019 2339 Ly.
1056 2233 1201 2312 166,
1232 2232 1335 2316 36.

638 2324 673 2396 ἡ
702 2317 877 2394 νεότης
906 2341 1028 2380 ουτε
1068 2326 1173 2382 τῶν
1202 2319 1381 2380 αὐτῶν
1410 2315 1532 2380 ἐστὶ
1557 2314 1744 2401 λόγων
1769 2320 1850 2401 τῷ
1887 2315 2059 2401 γήρᾳ,
2091 2313 2214 2378 οὔτε
2247 2323 2356 2380 τῶν
2383 2313 2558 2402 ἔργων
2589 2319 2750 2402 796,

558 2423 658 2473 22·

642 2495 858 2554 νεοττιοὶ
888 2491 1011 2577 Ly.
1050 2492 1191 2569 166,
1222 2509 1331 2576 33.

642 2578 849 2663 νεῦρον]
899 2576 1043 2640 οὐδέν
1088 2580 1202 2640 ἔστ’
1244 2577 1433 2657 ὄφελος
1472 2575 1679 2649 πόλεως
1726 2581 1803 2656 μὴ
1847 2583 2008 2660 νεῦρα
2050 2576 2288 2662 ὅχοῦσης
2331 2579 2416 2640 ἐπὶ
2465 2575 2588 2649 τοὺς
2629 2580 2756 2640 ἀδι-

559 2667 786 2736 κοῦντας
831 2681 985 2747 432,
1032 2661 1596 2742 Ιαεὺποτέτμηται
1639 2665 1715 2723 τοὶ
1759 2667 1918 2748 νεῦρα
1959 2669 2067 2724 τῶν
2108 2662 2462 2748 πραγμάτων
2489 2661 2600 2726 AE.
2635 2677 2752 2746 77,

560 2751 663 2814 26.

643 2834 707 2896 N
710 2845 891 2897 euti-a
905 2831 1173 2919 pluralia
1188 2832 1716 2896 substantivorum
1725 2832 1825 2896 vel
1844 2831 2136 2896 similium
2151 2854 2296 2898 cum
2321 2832 2518 2897 tertiis
2538 2855 2756 2920 perso-

557 2918 655 2982 nis
670 2917 735 2982 in
753 2918 983 3005 plurali
999 2939 1260 2981 numero
1280 2918 1610 2982 verborum
1633 2918 1942 3006 copulata.
1972 2923 2048 2982 τὰ
2069 2920 2274 2984 τούτων
2291 2919 2578 3004 ὶξἐγένοντο
2597 2921 2756 3008 (pro

556 3005 803 3089 ἐγένετο)
836 3005 895 3068 I.
918 3006 1027 3084 48,
1048 3023 1156 3083 40.
1228 3011 1415 3066 ταῦτα
1440 3007 1558 3090 γὰρ
1583 3007 1728 3068 αὐτοὶ
1751 3009 1960 3079 έαυτοῖς
1984 3004 2201 3069 ἐναντία
2221 3007 2374 3068 *εἰσὶ
2395 3009 2543 3091 (pro
2561 3008 2752 3092 ἐστὶν)

558 3092 666 3167 62,
697 3111 756 3174 9.
845 3087 1067 3153 ἅπαντα
1093 3093 1279 3152 ταῦτα
1307 3089 1521 3168 εἰδέναι,
1553 3089 1633 3153 ὅτι
1661 3091 1924 3172 γένοιντο,
1959 3091 1990 3171 (
2033 3113 2106 3154 ro
2134 3090 2375 3175 γένοιτο)
2409 3106 2518 3175 75,
2555 3109 2742 3158 22.=

555 3183 666 3239 τῶν
694 3177 869 3238 δεινῶν
890 3173 1000 3239 ὅσα
1020 3175 1285 3258 ἐγένοντο,
1354 3197 1426 3238 ro
1453 3173 1699 3262 vulgari
1723 3175 1940 3260 ἐγένετο
2032 3223 2046 3239 .
2085 3195 2228 3262 139,
2259 3196 2360 3241 10.
2425 3177 2612 3264 plura
2641 3201 2757 3242 ex-

554 3259 765 3348 empla
784 3283 845 3325 v·
866 3261 985 3326 sub
1014 3259 1199 3326 titulo
1226 3261 1291 3323 P
1312 3262 1808 3326 toralia-:rafim
1837 3267 2042 3344 σημεῖα
2071 3262 2366 3344 φαίνονται.
2423 3285 2544 3350 pro
2565 3263 2758 3346 φαίνεὲ

556 3372 651 3411 ται
672 3349 803 3446 Ly.
834 3362 979 3433 159,
1001 3367 1109 3432 32.
1156 3346 1355 3410 Haud
1372 3370 1516 3412 raro
1530 3347 1733 3435 reperi
1756 3347 2004 3412 schema
2021 3347 2227 3412 hocin
2247 3347 2564 3435 opusculis
2581 3349 2757 3414 criti-

555 3433 643 3498 cis
672 3433 961 3522 Dionysii
982 3431 1561 3498 Halicarnassensis.
1609 3447 1682 3498 ut
1704 3457 1770 3521 p.
1801 3454 1940 3518 130.
1960 3434 2064 3499 ed.
2091 3435 2390 3522 Sylburg.
2411 3434 2656 3521 penult.
2673 3441 2758 3500 τοὶ

554 3519 720 3606 τείχη
744 3521 1094 3583 ἀνίστανται.
1136 3520 1281 3584 item
1302 3542 1367 3606 p.
1385 3537 1528 3604 150,
1539 3539 1642 3604 49.
1657 3518 1768 3584 dat
1783 3519 1942 3583 liber
1961 3519 2394 3585 Dudithianus
2413 3521 2758 3602 ἐστασίαζον

554 3609 632 3667 τοὶ
654 3614 761 3668 τῶν
789 3605 1017 3669 πόλεων.
1048 3605 1179 3670 scil.
1212 3606 1369 3682 τέλη.
1416 3606 1526 3670 ubi
1548 3605 1788 3703 vulgati
1811 3607 2002 3670 Thuc
2047 3606 2212 3670 didjg
2231 3606 2374 3672 libri
2395 3606 2551 3671 dant
2569 3611 2755 3670 ἔστα-

558 3689 740 3768 σίαζε.
804 3691 983 3756 Idem
1015 3714 1077 3778 p.
1110 3708 1253 3774 152,
1284 3693 1393 3776 36.
1466 3715 1504 3754 e
1533 3703 1717 3756 tertio
1748 3629 2168 3780 Thucygldis,
2199 3717 2337 3781 cap.
2360 3695 2468 3759 82.
2527 3692 2760 3758 recitat

556 3773 715 3839 haec.
788 3779 865 3838 τὰ
894 3779 949 3838 δί
976 3779 1129 3857 μέσα
1157 3785 1265 3838 τῶν
1292 3787 1554 3856 πολιτῶν,
1585 3777 1616 3854 ἢ
1653 3776 1732 3840 ὅτι
1775 3781 1834 3841 οὐ
1875 3779 2336 3863 ξυνηγωνίσαντο,
2367 3779 2399 3858 ἢ
2441 3779 2610 3864 φθόνῳ
2651 3787 2758 3843 τοῦ
2850 3813 2856 3819 ·

556 3864 835 3945 περιεῖναι,
866 3861 1228 3946 διεφθείροντο.
1304 3863 1538 3948 Reperi
1580 3863 1754 3950 apud
1801 3865 2122 3930 Stobaeum
2165 3889 2422 3954 quoque
2463 3865 2762 3964 exempla

556 3946 903 4033 complura,
949 3971 1095 4033 quae
1145 3960 1441 4012 annotare
1491 3949 1746 4036 insuper
1791 3949 2006 4031 habui,
2051 3973 2256 4039 nuper
2295 3951 2572 4038 Eclogas
2611 3973 2760 4038 ejus

557 4031 846 4119 physicas
890 4032 1236 4120 perlegenS,
1268 4032 1730 4121 editionemque
1773 4059 1987 4100 earum
2033 4038 2598 4126 Antwerpiensem,
2631 4038 2759 4101 mi-

559 4141 693 4182 sere
741 4118 978 4184 lacunis
1028 4135 1093 4183 et
1135 4119 1375 4183 mendis
1416 4120 1903 4207 coinquinatam,
1931 4145 2076 4187 cum
2111 4124 2323 4188 codice
2363 4122 2646 4211 pleniore
2691 4139 2762 4188 et

556 4203 973 4270 emendatiore
1006 4209 1391 4292 Augustano
1426 4207 1851 4295 manuscripto
1877 4209 2215 4274 conferens.

646 4290 821 4373 νέφος]
844 4297 1128 4374 παρελθεῖν
1156 4293 1371 4369 ἐποίησε
1400 4296 1494 4356 τὸν
1521 4294 1646 4357 τότε
1674 4295 2016 4380 περιστάντα
2039 4302 2104 4381 τῇ
2127 4295 2284 4360 πόλει
2309 4295 2544 4360 κίνδυνον
2567 4294 2759 4380 ὥσπερ

554 4373 709 4460 νέφος
742 4395 891 4460 291,
928 4378 1268 4462 13.--.-.νέφος
1299 4381 1661 4465 ἔπερχόμενον
1689 4380 1960 4445 ἐκκλίνειν
1987 4382 2114 4448 De.
2150 4383 2296 4461 180,
2337 4383 2434 4446 16.
