2975 4967
591 262 724 346 482
1387 252 1394 259 ’
1531 262 1846 329 ῑΝΒΕΧ

595 433 639 500 ἃ
681 426 1036 515 ἐπεβούλευον
1072 434 1207 498 An.
1245 446 1345 519 15,
1387 452 1453 519 3.
1542 434 1799 519 κατέσχε
1842 432 2051 522 κληδῶν
2096 435 2167 519 (*
2178 434 2308 500 scil.
2349 438 2448 513 τὴν
2488 437 2655 500 πόλιν
2697 436 2799 500 vel

599 524 754 585 κατοὶ
780 525 876 598 τὴν
903 519 1092 605 πόλιν)
1138 536 1238 601 17,
1277 540 1371 582 10.
1463 519 1731 606 κατέχειν
1770 520 1915 583 οἶκόν
1952 546 2093 594 τινος
2133 522 2485 585 universam
2526 522 2798 608 'alicujus

599 606 1006 671 substantiam
1036 606 1116 669 ad
1147 628 1212 669 se
1241 606 1515 684 hamat-e,
1548 605 1857 693 corripere
1885 626 1994 692 31,
2022 626 2285 694 2.=pro
2401 608 2559 672 'tum
2590 624 2657 673 et
2686 631 2799 695 op-

597 708 802 758 tatum
843 694 1030 757 finem
1075 692 1368 779 consequi
1417 693 1501 755 L.
1542 711 1685 770 100,
1723 712 1824 756 10.
1898 693 2030 755 amd
2073 702 2097 757 t
2350 694 2495 781 they
2530 695 2647 758 did
2684 704 2799 760 not

597 774 1044 865 mecced.=oi'p'
1073 782 1200 860 ὑμῖν
1227 780 1476 841 δοκοῦσιν
1512 784 1562 840 οί
1592 780 1777 864 μικροὶ
1820 780 1917 841 καὶ
1952 785 2000 843 οἱ
2040 806 2075 842 τ
2158 780 2303 855 όντες
2332 780 2490 861 φόβοι
2530 780 2659 843 τότε
2700 785 2797 859 τὴν

595 866 756 1016 urgan
797 868 1116 951 κατασχεῖν
1168 864 1296 951 Ly.
1349 879 1492 949 152,
1522 882 1627 949 34.
1716 865 1861 947 φλὸξ
1902 805 2157 949 πολεμῖ
2210 865 2446 952 κατέχει
2489 869 2591 944 τὴν
2630 866 2797 929 πόλιν

591 972 630 1015 '1
690 972 717 1015 1
789 970 845 1015 1·

597 1078 606 1086 ·
683 999 1036 1125 κατηγορεῖν]
1087 1038 1248 1117 οὐδεὶς
1286 1045 1395 1101 τῶν
1433 1036 1741 1122 φευγόντων
1768 1041 2075 1121 κατηγορεῖ
2098 1044 2293 1102 ἑαυτοῦ
2322 1058 2430 1123 33,
2464 1056 2525 1123 7.
2614 1066 2795 1117 κατη·

595 1128 756 1211 γορεῖ
791 1126 892 1205 μὲν
938 1126 1093 1204 ἐμοῦ,
1127 1122 1288 1208 κρίνει
1319 1124 1372 1185 δὲ
1403 1129 1593 1187 τοῦτον
1627 1142 1774 1208 230,
1807 1139 1867 1205 7.
1956 1123 2041 1197 τίς
2079 1128 2198 1209 γὰρ
2238 1118 2511 1188 ἂνκὲλοιτο
2542 1150 2796 1209 κατηγο-

596 1214 708 1295 ρεῖν
743 1208 1067 1294 κρινόμενος,
1113 1208 1262 1293 ἔχων
1303 1208 1340 1271 δ’
1373 1233 1428 1271 τι
1467 1209 1886 1292 ἀπολογῆσεται
1929 1226 2082 1292 407,
2133 1230 2227 1294 19.
2341 1212 2645 1295 κατηγορεῖ
2694 1217 2793 1273 τοῦ

591 1294 780 1381 ὅρκου,
809 1294 868 1357 ὃν
908 1292 1109 1374 ὤμοσα
1151 1294 1438 1379 queritur
1480 1292 1563 1357 de
1598 1294 2015 1381 jurejurando
2057 1316 2098 1357 a.
2142 1317 2243 1359 me
2286 1295 2456 1359 dicto
2505 1314 2696 1377 1044,
2730 1314 2789 1376 7.

597 1384 662 1444 τὸ
707 1384 1031 1465 κατηγορεῖν
1073 1384 1185 1452 τοῖς
1223 1379 1630 1463 πεπραγμένοις
1674 1380 2062 1461 ἐγκαλούντων
2112 1382 2233 1445 ἐστὶ
2284 1383 2473 1461 1426,
2503 1384 2567 1446 6.
2680 1390 2791 1444 τῶν

598 1468 1042 1548 βεβουλευμένων
1087 1468 1412 1549 κατηγορεῖν
1457 1470 1735 1549 αἱροῦνται
1781 1484 1969 1545 1444,
2004 1484 2105 1531 20.
2180 1466 2469 1531 παύσασθε
2506 1468 2627 1551 περὶ
2664 1468 2793 1529 τού-

597 1578 708 1615 των
736 1556 1161 1637 κατηγοροῦντες
1189 1551 1456 1629 ἀλλήλων
1492 1570 1599 1633 99,
1637 1550 1739 1613 18.
1814 1552 1935 1625 τοὺς
1976 1553 2107 1636 ὑπὲρ
2144 1558 2253 1615 τῶν
2299 1552 2791 1638 κατηγορουμένων

599 1643 767 1703 αὐτοῦ
818 1638 1018 1720 λόγους
1061 1639 1212 1721 369,
1252 1656 1316 1721 3.
1388 1658 1535 1700 cum
1579 1635 1829 1722 gemino
1882 1636 2179 1723 genitivo,
2224 1660 2507 1725 personae
2548 1637 2787 1723 reique.

597 1722 944 1807 παρανόμων,
977 1721 1008 1798 ἢ
1034 1722 1513 1808 παραπρεσβείας,
1542 1721 1577 1798 ἤ
1602 1719 1741 1796 τινος
1769 1721 1947 1799 ἄλλης
1986 1724 2240 1800 τοιαύτης
2268 1723 2448 1798 αἰτίας
2490 1722 2790 1806 [subaudi

590 1808 796 1893 ἕνεκεν]
840 1812 1008 1871 αὐτοῦ
1042 1812 1370 1894 κατηγορεῖν
1411 1821 1564 1892 515,
1592 1808 2143 1895 μαι-..δωροδοκίας
2173 1813 2501 1895 κατηγορεῖν
2532 1810 2644 1871 AE.
2676 1810 2787 1886 28,

607 1916 630 1959 1
647 1914 709 1958 2.
785 1892 1142 1975 παραλείπειν
1170 1919 1222 1956 τι
1251 1902 1359 1956 τῶν
1388 1894 1844 1976 κατηγορημένων
1869 1914 1977 1977 49,
2008 1912 2116 1979 32.
2195 1899 2267 1967 εἰς
2296 1896 2601 1973 ἀνάμνησιν
2632 1898 2791 1979 ἄγα-

597 1984 716 2065 γεῖν
746 1988 854 2043 τῶν
880 1978 1334 2071 κατηγορημένων
1361 1998 1470 2064 49,
1500 1998 1609 2063 33.
1696 1984 1791 2054 τῆς
1820 1985 2025 2055 σιωπῆς
2055 2004 2165 2060 μου
2208 1984 2513 2066 κατηγορεῖ
2538 1981 2644 2059 84,
2673 1998 2787 2065 39.

595 2088 802 2153 ·=pro
843 2063 1102 2151 simplici
1139 2064 1440 2147 ἀγορεύειν,
1485 2063 1847 2150 praedicare,
1885 2063 2127 2142 docere,
2162 2078 2591 2129 verumtamen
2636 2086 2785 2129 oum

499 2200 508 2219 .
597 2149 808 2237 aliqua
835 2164 983 2213 nota
1009 2147 1109 2211 vel
1136 2148 1593 2235 vituperatione
1622 2150 1680 2213 Ι.
1708 2152 1817 2234 36,
1852 2172 1911 2234 9.
2000 2151 2299 2235 παράνοιαν
2338 2155 2507 2213 αὐτοῦ
2549 2155 2648 2228 τὴν
2676 2177 2783 2233 με-

597 2237 800 2320 γίστην
831 2240 1200 2320 κατηγοροῦσι
1228 2250 1340 2319 37,
1377 2237 1478 2298 16.
1570 2236 1655 2299 ἐπὶ
1694 2239 1791 2311 τὴν
1828 2239 2143 2319 ἀπολογίαν
2170 2234 2449 2318 τρέψομαι
2477 2244 2585 2299 τῶν
2613 2262 2787 2313 κατη-

595 2320 926 2408 γορηθέντων
975 2321 1081 2403 87,
1137 2321 1230 2383 16.
1323 2321 1527 2383 κακίαν
1584 2324 1907 2405 κατηγορεῖν
1966 2321 2071 2405 87,
2123 2326 2653 2408 39.πκατηγορεῖν
2710 2328 2787 2385 τοὶ

597 2406 878 2491 γεγονότα
912 2428 1042 2469 rem
1082 2418 1320 2493 gestam
1359 2404 1652 2483 indicare,
1699 2405 1883 2471 edere
1926 2409 2017 2470 A.
2055 2426 2081 2469 1
2098 2424 2200 2483 12,
2228 2426 2331 2491 34.
2423 2412 2495 2481 εἲς
2539 2408 2677 2470 αὐτὸ
2721 2409 2787 2469 τὸ

595 2499 838 2577 πρᾶγμα
870 2496 1215 2575 κατηγορεῖν.
1277 2492 1342 2555 in
1389 2514 1578 2556 causa
1620 2512 1889 2569 manere,
1928 2491 2301 2555 accusationi
2336 2490 2569 2556 crimen
2608 2490 2789 2556 aliud

595 2577 840 2643 nullum
870 2576 1282 2642 adventitium
1311 2577 1677 2657 immiscere,
1711 2576 1821 2641 sed
1848 2575 2009 2641 illud
2038 2576 2238 2641 solum
2268 2576 2514 2655 docere,
2544 2577 2627 2641 de
2653 2601 2790 2665 quo
2886 2592 2897 2603 ·
2959 2568 2960 2595 ³

597 2664 805 2753 agitur
856 2683 998 2743 142,
1032 2681 1138 2728 21.
1212 2664 1424 2739 ψευδεῖς
1469 2660 1537 2725 ἂν
1584 2662 1923 2747 κατηγόρουν
1954 2662 2049 2746 (id
2078 2677 2172 2727 est
2208 2662 2431 2749 ἔλεγον)
2464 2663 2598 2727 εἶναι
2634 2682 2787 2745 144,

595 2752 782 2837 38.=
799 2752 1124 2835 κατηγορεῖν
1157 2770 1218 2811 v.
1269 2747 1585 2811 ἐνδεικνύναι
1633 2751 2182 2834 Ληεκατηγορεῖν
2224 2756 2335 2811 τῶν
2376 2749 2645 2813 λιπόντων
2686 2755 2787 2827 τὴν

596 2836 755 2913 τάξιν
799 2835 884 2898 L.
921 2853 1064 2915 141,
1096 2851 1201 2919 32.
1287 2832 1332 2896 ἃ
1371 2834 1472 2897 ὑπὸ
1510 2840 1621 2897 τῶν
1661 2834 1960 2916 τριάκοντα
2004 2831 2326 2917 γεγένηται,
2360 2837 2493 2917 ἐμοῦ
2536 2860 2789 2918 κατηγο-

597 2919 814 3009 ρηκέναι
854 2935 996 3001 171,
1027 2937 1090 3003 9.
1135 2920 1360 2983 TAYL.
1433 2916 1727 2997 indicare,
1756 2918 1941 2982 edere
1968 2938 2076 3004 93,
2107 2937 2214 3003 32.

637 3052 644 3059 -
685 3002 1080 3089 κατηγόρημα]
1113 3028 1156 3065 π
1189 3006 1244 3076 ὃς
1275 3008 1422 3068 αὐτοὶ
1460 3009 1535 3067 τὰ
1576 3012 1672 3067 τοῦ
1701 3010 1805 3067 σοῦ
1842 3004 2041 3088 τρόπου
2080 3003 2522 3089 κατηγορήματα
2560 3006 2787 3085 βαδιοῦ-

595 3117 722 3173 μαι.
791 3088 1066 3154 transibo
1093 3030 1188 3153 ns
1205 3112 1299 3168 ea,
1327 3112 1476 3177 quoe
1501 3089 1691 3155 animi
1720 3088 1815 3153 tui
1854 3089 2132 3153 moribus
2159 3088 2311 3152 vitio
2350 3088 2485 3152 dari
2518 3106 2787 3176 possunt

594 3196 635 3263 3
649 3196 748 3257 14,
783 3194 858 3241 21
873 3220 890 3237 .
965 3173 1084 3238 ἔστι
1115 3177 1170 3238 δὲ
1202 3178 1296 3241 καὶ
1325 3182 1513 3240 ταῦτα
1538 3175 1724 3240 πάντα
1755 3176 2195 3263 κατηγορῆματα
2222 3172 2433 3239 τούτου.
2498 3176 2785 3257 crimina,

597 3261 829 3350 quibus
853 3274 1153 3347 gravatur
1177 3265 1328 3349 369,
1362 3282 1419 3347 9.

684 3346 1026 3431 κατηγορίαν
1053 3348 1326 3429 στεφάνου
1355 3350 1450 3412 καὶ
1481 3348 1699 3413 έπαίνου
1730 3357 1817 3413 νῦν
1846 3352 1993 3427 ἥκειν
2014 3348 2513 3431 συνεσκευασμένον
2540 3370 2694 3439 319,
2717 3372 2782 3431 4.

595 3432 777 3520 ὥσπερ
814 3435 879 3497 τὸ
922 3437 1074 3497 κατὰ
1107 3434 1232 3509 τοὺς
1273 3433 1460 3518 νόμους
1508 3434 1735 3513 ὀμνύειν,
1773 3436 1919 3497 τοῦτ’
1948 3433 2103 3513 ἄξιον
2134 3436 2469 3519 κατηγορίας
2498 3434 2553 3499 ὃν
2589 3456 2783 3517 1044,

601 3541 703 3584 11.
791 3524 922 3605 ὀρῶν
949 3524 1094 3601 ὑμᾶς
1131 3522 1227 3602 ἐμὲ
1262 3522 1761 3605 προχειριζομένους
1791 3521 1877 3582 ἐπὶ
1905 3525 2001 3597 τὴν
2029 3521 2223 3583 τούτου
2262 3521 2599 3604 κατηγορίαν
2628 3538 2787 3606 773,

597 3608 1070 3675 »18ψ.πὲπιστῆναι
1111 3611 1180 3690 τῇ
1219 3604 1531 3692 κατηγορίᾳ
1566 3606 1653 3667 ἐπὶ
1692 3610 1789 3667 τοῦ
1834 3605 2183 3688 δικαστηρίου
2225 3606 2335 3669 AE.
2373 3608 2475 3683 16,
2503 3622 2600 3691 15.
2680 3607 2785 3671 -δύο

593 3715 688 3773 μοι
729 3690 1018 3752 λέλειπται
1059 3695 1154 3765 τῆς
1195 3690 1533 3773 κατηγορίας
1574 3689 1680 3766 εῖδη
1722 3692 1825 3769 16,
1858 3706 1964 3774 27.
2060 3690 2335 3754 ἐκπίπτειν
2383 3696 2455 3765 εἰς
2496 3692 2658 3769 λήθην
2682 3697 2785 3769 τῆς

595 3774 936 3857 κατηγορίας
982 3793 1086 3857 25,
1121 3778 1225 3841 26.
1322 3776 1509 3861 ἰσχύει
1554 3776 1866 3860 κατηγορία
1908 3779 2062 3862 παρὰ
2103 3780 2219 3852 τοῖς
2257 3776 2519 3839 ἀκούουσι
2566 3778 2672 3856 28,
2712 3798 2782 3862 9.

593 3862 865 3927 πιστεύειν
894 3863 974 3942 τῷ
999 3859 1110 3945 βίορ
1136 3866 1246 3922 τῶν
1275 3858 1591 3944 κρινομένων
1618 3867 1862 3939 μᾶλλον,
1892 3860 1925 3939 ἢ
1965 3865 2087 3935 ταῖς
2116 3865 2270 3945 παρὰ
2298 3870 2407 3925 τῶν
2434 3864 2647 3947 ἐχθρῶν
2674 3888 2785 3926 κα-

593 3945 878 4031 τηγορίαις
921 3946 1024 4025 28,
1059 3964 1161 4030 23.
1249 3946 1545 4028 ἀνωμαλία
1594 3952 1695 4021 τῆς·
1732 3946 2071 4033 κατηγορίας
2122 3965 2225 4031 29,
2265 3966 2365 4011 11.
2452 3948 2783 4011 συντάττειν

593 4032 748 4095 κατά
775 4056 914 4104 τινος
941 4032 1152 4105 ψευδεῖς
1181 4030 1519 4118 κατηγορίας
1538 4050 1647 4117 52,
1670 4035 1779 4117 36.
1852 4035 2179 4117 παρεμβολῇ
2206 4033 2561 4119 πραγμάτων
2584 4034 2785 4118 ἑτέρων

592 4122 666 4192 εἰς
695 4116 858 4193 λῆθην
885 4115 1225 4200 κατηγορίας
1254 4122 1396 4196 ὑμᾶς
1437 4117 1704 4197 βούλεται
1746 4121 2013 4199 ἐμβαλεῖν
2044 4118 2149 4202 83,
2184 4136 2285 4185 21.
2372 4114 2513 4180 οὕτω
2539 4121 2665 4191 ταῖς
2692 4123 2785 4181 αἰ-

591 4204 735 4277 τίαις
770 4205 874 4275 τὰς
917 4207 1070 4264 κατὰ
1117 4208 1328 4265 σαυτοῦ
1373 4202 1665 4285 ἐνέφραξας
1713 4203 2053 4288 κατηγορίας
2098 4204 2207 4287 85,
2236 4222 2419 4287 32.=
2434 4202 2783 4289 κατηγορίαν

590 4289 712 4351 ἀντὶ
762 4287 1027 4371 τιμωρίας
1081 4285 1408 4367 ἀπονέμουσι
1459 4294 1527 4374 τῇ
1569 4288 1747 4353 πόλει.
1834 4311 1960 4353 non
2018 4302 2395 4353 succurrunt
2448 4288 2603 4374 reip.
2648 4310 2781 4353 non

589 4372 974 4438 ulciscuntur
1015 4374 1151 4471 ejus
1205 4372 1508 4453 inimieoS,
1555 4373 1757 4437 solum
1776 4374 1880 4437 -de
1932 4373 2007 4437 iis
2058 4374 2361 4460 querendi
2410 4373 2781 4439 facultatem

585 4459 950 4549 relinquunt
989 4459 1270 4538 civibu83
1317 4460 1647 4573 confiscffta
1686 4472 1899 4525 autem
1939 4460 2109 4524 bona
2146 4458 2265 4547 ipsi
2308 4458 2473 4525 inter
2513 4482 2579 4525 ee
2618 4459 2783 4525 divi-
